4242 4694
1221 524 1298 573 De
1322 525 1564 589 interpell.
1584 525 1671 573 Iob
1699 527 1748 574 et
1762 525 1920 574 Dauid
1934 525 2037 574 1111
2055 525 2142 585 (11)
2159 527 2205 582 4.
2227 527 2410 575 16-18
2444 527 2488 589 (Ι
2512 525 2604 576 643
2622 526 2816 577 F-ss44
2833 529 2878 578 D
2996 532 3114 590 279

1094 714 1358 774 maguus.
1433 696 1668 770 denique
1741 698 2012 754 caelum
2086 699 2154 754 et
2233 701 2493 755 terram
2573 700 2894 773 compleo
2974 700 3112 759 dicit

1098 793 1384 851 dominus.
1434 790 1484 849 si
1532 808 1662 866 ergo
1713 791 1977 849 diuinitas
2026 790 2232 850 Christi
2281 809 2441 850 mons
2483 810 2721 868 magnus
2765 796 2870 863 est,
2912 795 3111 869 utique

1096 885 1409 946 inematio
1450 885 1572 944 eius
1612 902 1771 943 mons
1812 885 2046 961 exiguus
2089 889 2193 945 est.
2233 889 2533 960 utrumque
2574 904 2704 963 ergo
2748 888 3023 958 Christus,
3056 893 3117 948 et

1093 997 1338 1056 magnus
1408 996 1572 1039 mons
1644 982 1702 1037 et
1771 980 1983 1038 minor:
2056 997 2294 1055 magnus
2376 997 2526 1050 uere,
2606 981 2737 1055 quia
2815 999 3108 1058 magnus

1038 1095 1065 1131 s
1101 1074 1432 1134 dominus
1490 1080 1559 1131 et
1605 1090 1852 1148 magna
1898 1074 2138 1132 uirtus
2188 1074 2362 1143 eiua,
2409 1075 2608 1148 minor,
2658 1074 2790 1150 quia
2837 1077 3108 1152 scriptum
3146 1090 3190 1139 Β

1096 1171 1227 1227 eat:
1284 1168 1664 1227 minorasti
1720 1185 1871 1225 eum
1926 1169 2138 1243 paulo
2199 1169 2426 1227 minus
2484 1169 2564 1227 ab
2613 1170 2915 1244 angelis.
2966 1172 3111 1230 unde

1098 1262 1301 1322 Esaias
1350 1262 1519 1320 dicit:
1570 1260 1883 1320 uidimus
1933 1279 2103 1331 eum,
2153 1265 2224 1320 et
2268 1279 2400 1321 non
2448 1263 2759 1322 habebat
2798 1265 3113 1338 speciem

1094 1373 1333 1431 neque
1373 1355 1715 1414 decorem.
1756 1356 1905 1414 idem
1945 1360 2131 1415 tamen
2175 1359 2234 1414 et
2273 1374 2334 1414 ex
2374 1374 2577 1433 magno
2616 1357 2799 1417 minor
2834 1357 3020 1418 factus
3055 1363 3113 1418 et

1094 1468 1167 1509 ex
1207 1451 1421 1510 minore
1461 1466 1732 1526 magnus:
1785 1467 1848 1508 ex
1894 1466 2097 1526 magno
2145 1450 2342 1520 minor,
2393 1451 2524 1524 quia
2571 1469 2724 1511 cum
2770 1452 2839 1510 in
2887 1451 3111 1512 forma

1013 1568 1059 1604 ιο
1096 1544 1217 1603 dei
1257 1548 1472 1613 esset,
1513 1547 1739 1601 semet
1774 1544 2008 1619 ipsum
2050 1545 2458 1603 exinaniuit
2490 1549 2560 1603 et
2588 1545 2882 1605 formam
2916 1547 3107 1606 serui

1094 1637 1408 1712 accepit,
1441 1641 1500 1696 et
1531 1655 1594 1696 ex
1627 1639 1839 1696 minore
1871 1655 2125 1713 magnae,
2169 1639 2302 1712 quia
2341 1639 2480 1696 dicit
2515 1639 2749 1697 Daniel:
2791 1641 2862 1697 et
2897 1640 3109 1715 lapis,

1095 1731 1228 1807 qui
1281 1732 1493 1790 elisit
1547 1730 1942 1807 imaginem,
1998 1732 2238 1791 faetus
2296 1736 2409 1792 est
2453 1750 2649 1792 mons
2697 1750 2992 1809 magnus
3043 1737 3113 1792 et

1098 1825 1445 1900 impleuit
1499 1842 1766 1884 omnem
1821 1828 2099 1885 terram.
2150 1826 2297 1900 lapis
2345 1825 2438 1885 hie
2486 1827 2535 1884 si
2582 1826 2820 1899 requiris
2870 1827 2966 1901 qui
3015 1828 3108 1898 ait,

1097 1935 1379 1996 agnosce:
1412 1919 1721 1993 lapidem
1755 1937 1954 1993 quem
1993 1919 2562 1992 reprobauerunt
2602 1920 3110 1991 aedificanteS,
3150 1936 3191 1988 c

1021 2036 1071 2071 ιε
1100 2013 1222 2072 hie
1272 2013 1512 2071 factus
1571 2017 1679 2070 est
1733 2013 1800 2070 in
1858 2016 2071 2086 caput
2127 2013 2393 2087 anguli.
2441 2013 2593 2070 idem
2639 2016 2825 2071 tamen
2875 2017 2932 2072 et
2981 2031 3111 2072 eum

1111 2107 1340 2182 exiguus
1396 2108 1694 2176 uideretur,
1754 2123 1989 2182 magnus
2047 2109 2180 2166 erat.
2230 2108 2320 2166 cui
2369 2107 2448 2166 rei
2496 2107 2871 2182 adstipulatur
2916 2108 3112 2166 Esaias

1118 2200 1326 2261 dicens:
1367 2219 1531 2276 puer
1585 2205 1778 2259 natus
1836 2205 1938 2259 est
1992 2201 2202 2270 nobis,
2243 2201 2437 2260 filius
2495 2202 2688 2260 datus
2747 2205 2849 2260 est
2895 2202 3109 2271 nobis,

1118 2294 1306 2355 euius
1363 2295 1633 2353 initium
1692 2312 1887 2369 super
1943 2311 2202 2354 umeros
2261 2295 2424 2368 eius,
2468 2298 2532 2353 et
2571 2299 2852 2355 uocatur
2889 2297 3109 2371 magni

1110 2389 1385 2449 consilii
1442 2390 1736 2465 angelus.
1793 2390 1976 2447 omnia
2023 2392 2250 2464 propter
2287 2393 2345 2448 te
2386 2389 2659 2460 Christus,
2702 2390 2845 2464 lapis
2886 2393 3111 2465 propter

1033 2510 1080 2548 ω
1105 2485 1181 2554 te,
1222 2484 1290 2541 ut
1328 2485 1394 2540 tu
1435 2483 1764 2552 aedificeri8‚
1796 2500 1955 2541 mons
1988 2487 2214 2557 propter
2244 2484 2321 2551 te,
2353 2486 2419 2541 ut
2450 2485 2514 2541 tu
2548 2484 2832 2541 ascendas,
2875 2483 3110 2542 ascende

1109 2594 1239 2653 ergo
1274 2594 1445 2651 supra
1474 2585 1740 2645 montem,
1775 2579 1870 2651 qui
1904 2578 2167 2636 caelestia
2196 2577 2362 2651 petis.
2394 2577 2521 2636 ideo
2553 2577 2846 2636 inclinauit
2877 2578 3111 2648 caelum,

1109 2674 1173 2728 ut
1212 2674 1278 2729 tu
1323 2688 1476 2729 esses
1532 2671 1787 2740 uicinior,
1827 2672 1954 2729 ideo
2012 2670 2321 2729 adsurrexit
2360 2672 2415 2728 in
2456 2671 2723 2729 uerticem
2779 2672 3007 2738 montis,
3049 2675 3113 2730 ut
3143 2690 3191 2738 D

1021 2774 1054 2830 8
1111 2768 1240 2832 <te>
1276 2766 1540 2823 eleuaret.
1619 2783 1727 2822 non
1762 2766 2018 2823 inmerito
2052 2781 2182 2840 ergo
2217 2766 2451 2839 abyssus
2495 2764 2759 2840 abyssum
2798 2766 3111 2835 inuocabat,

1270 2933 1295 2982 1
1324 2933 1452 2982 Hier.
1478 2934 1553 2986 23.
1580 2935 1641 2982 24
1734 2934 1765 2981 4
1789 2933 1961 2981 Psalm.
1990 2931 2268 2982 cxxxxVI
2293 2936 2322 2983 5
2417 2936 2447 2982 6
2472 2933 2646 2983 Psalm.
2665 2933 2780 2983 VIII
2806 2936 2834 2983 6
2930 2935 2957 2981 7
2983 2934 3108 2982 Esai.

1108 3009 1184 3066 53.
1220 3011 1253 3060 2
1363 3011 1393 3058 9
1425 3009 1633 3074 Philipp.
1668 3013 1711 3067 2,
1747 3013 1775 3060 6
1810 3026 1913 3073 sqq.
2035 3011 2088 3060 11
2125 3011 2246 3059 nan.
2281 3013 2325 3070 2,
2360 3012 2419 3061 35
2541 3012 2599 3061 14
2632 3011 2806 3061 Psalm.
2841 3010 3015 3062 cxvn
3047 3013 3109 3062 22

1100 3088 1167 3140 17
1200 3088 1333 3139 Enni.
1366 3089 1411 3145 9,
1444 3091 1474 3138 e

1167 3201 1201 3248 2
1245 3197 1411 3261 utique
1435 3199 1484 3247 P
1515 3200 1549 3256 (i
1582 3214 1618 3248 ε.
1652 3203 1722 3258 u.)
1820 3201 1863 3248 3.
1904 3200 1973 3248 16.
2002 3216 2055 3261 p.
2077 3200 2185 3254 280,
2214 3201 2234 3248 1
2268 3201 2455 3248 exicuus
2480 3200 2529 3266 ,P
2618 3201 2649 3248 4
2681 3215 2816 3248 mona
2839 3213 3040 3263 magnus
3063 3200 3114 3247 Β

1075 3273 1125 3321 ὅ
1173 3278 1411 3339 scriptum
1442 3278 1491 3326 P
1523 3282 1572 3341 (p
1603 3293 1641 3327 ε.
1676 3282 1746 3338 u.)
1883 3281 1911 3327 6
1953 3279 2201 3327 rninurasti
2231 3279 2280 3327 P
2434 3278 2559 3327 unde
2593 3280 2644 3327 et
2673 3278 2727 3327 D
2822 3278 2848 3326 Ἰ
2884 3277 3035 3326 eseias
3067 3277 3117 3325 P

1070 3353 1150 3411 (e
1187 3355 1284 3405 alt.
1316 3369 1353 3403 ε.
1387 3357 1455 3417 u.)
1646 3361 1695 3405 et
1725 3372 1763 3408 ε.
1796 3373 1846 3405 u.
1880 3357 1939 3415 P,
1972 3371 2064 3407 om.
2097 3358 2210 3405 DP‘
2397 3357 2650 3405 habentem
2682 3356 2795 3405 DP‘
2953 3356 2984 3403 9
3023 3355 3110 3404 mi-

1057 3438 1276 3487 norem
1310 3433 1358 3480 P
1388 3436 1451 3492 (m
1486 3435 1573 3484 alt.
1606 3435 1719 3488 del.)
1878 3449 2078 3496 magnus
2110 3434 2266 3483 factus
2298 3435 2346 3481 Β
2466 3435 2524 3484 10
2556 3432 2848 3483 exinr'ianiuit
2878 3433 2926 3481 P
2958 3438 3006 3495 (n
3031 3449 3111 3495 pr.

1054 3510 1228 3576 del.)
1344 3512 1399 3560 11
1437 3516 1490 3560 ut
1521 3512 1569 3560 P
1601 3518 1644 3571 (e
1675 3527 1714 3561 ε.
1749 3517 1799 3573 ιι)
1834 3518 1884 3561 et
1920 3514 1971 3570 (J,
2005 3528 2094 3562 om.
2130 3519 2210 3561 cet.
2328 3515 2384 3563 13
2417 3514 2525 3577 quia
2554 3512 2717 3562 DP'G
2863 3513 2942 3574 qui
2975 3513 3041 3562 ait
3071 3513 3114 3560 si

1045 3591 1317 3656 *equiria
1350 3591 1398 3638 Β
1495 3592 1553 3641 15
1586 3593 1700 3640 item
1724 3592 1772 3640 P
1802 3598 1843 3640 et
1872 3584 2133 3653 (corr.'m2)
2161 3594 2213 3641 D
2338 3607 2441 3641 cum
2469 3596 2519 3640 et
2540 3593 2591 3640 Β
2686 3592 2742 3640 17
2778 3595 2828 3640 et
2851 3592 2976 3640 filius
2999 3591 3113 3639 DP‘

1049 3662 1161 3723 18
1203 3670 1430 3719 humeros
1462 3670 1511 3718 P
1542 3674 1589 3731 (o
1622 3685 1681 3719 ex
1715 3675 1761 3730 u)
1798 3676 1879 3719 cet.
2008 3672 2257 3721 uocabitur
2287 3670 2449 3720 DP‘C'
2542 3671 2599 3718 19
2633 3669 2807 3719 christe
2838 3671 2886 3718 Β
2919 3670 2993 3729 (in
3023 3685 3112 3733 my.

1040 3753 1190 3802 ”⁸2
1230 3749 1285 3796 al
1317 3748 1538 3807 christus)
1654 3751 1709 3798 21
1748 3765 1890 3812 super
1920 3750 1968 3798 B
2090 3751 2200 3799 ideo
2237 3751 2478 3799 Costerius
2507 3749 2617 3798 inde
2651 3749 2768 3798 libri
2865 3750 2928 3798 22
2959 3763 3112 3798 surre-

1037 3829 1175 3879 ³st
1213 3828 1267 3877 Β
1394 3828 1453 3877 23
1486 3830 1535 3876 te
1571 3828 1684 3876 add.
1722 3828 1791 3877 ed.
1826 3828 1963 3877 Rom.
2124 3830 2333 3877 eleuaret
2360 3828 2409 3877 P
2441 3833 2510 3877 (et
2540 3842 2599 3877 ex
2628 3828 2687 3888 it)
2844 3827 3013 3876 merito
3047 3827 3113 3884 P;

1038 3908 1246 3958 ’zmil
1280 3905 1529 3954 lucramur
1558 3908 1809 3955 scribendo
1843 3922 1934 3955 non
1968 3908 2165 3958 merito.
2187 3945 2198 3955 .
2219 3945 2228 3955 .
2249 3908 2469 3956 tuarum?
2627 3906 2847 3970 abyssum
2879 3907 2928 3955 P
2966 3909 3008 3961 (s
3032 3920 3111 3968 pr.

1042 3994 1141 4040 Q,
1178 3990 1258 4044 u.)
1386 3984 1578 4034 inuocat
1609 3986 1721 4033 DP‘
