4242 4694
1132 529 1248 587 436
1931 521 2306 578 'Ambrosii

936 695 1033 770 12,
1052 696 1124 753 41
1209 697 1321 757 Sed
1362 697 1497 772 quid
1536 699 1642 757 hoc
1681 701 1813 757 est?
1855 697 1987 755 dum
2030 698 2098 769 de
2138 698 2348 757 ieiunio
2381 699 2625 774 disputo,
2660 703 2939 777 strepitus
2975 704 3130 761 audio
3208 711 3215 761 1

961 809 966 812 ·
1132 793 1541 854 conuiuiorum.
1590 794 1700 852 nisi
1747 794 1927 864 fallor,
1975 794 2031 851 in
2080 811 2332 879 sermone
2373 812 2497 853 meo
2539 796 2782 855 redoluit
2822 797 3129 872 prandium.

1134 906 1303 948 sonus
1336 905 1465 963 ergo
1499 888 1811 947 litterarum
1844 888 2065 958 inuitat,
2097 888 2462 963 inpatientiae
2494 891 2743 964 exempla
2774 908 2887 950 non
2915 895 3129 951 terrent.

1130 983 1337 1041 etenim
1410 983 1508 1057 qui
1576 983 1912 1041 ieiunantem
1985 987 2043 1041 et
2113 1000 2180 1048 ea
2249 1000 2390 1057 quae
2448 984 2604 1060 legis
2670 988 2804 1042 sunt
2866 985 3125 1046 ferentem
3175 988 3215 1040 51

1134 1082 1422 1152 expectare
1470 1095 1578 1137 non
1627 1092 1831 1153 passus
1872 1080 1960 1136 est
1996 1079 2242 1152 populus
2281 1078 2475 1152 utique
2516 1079 2665 1137 sedit
2702 1080 3044 1139 manducare
3081 1085 3129 1139 et
3159 1098 3177 1135 ι

1133 1174 1322 1231 bibere
1370 1176 1428 1232 et
1483 1175 1832 1231 surrexerunt
1886 1172 2095 1230 ludere.
2151 1172 2412 1230 uidemus
2469 1174 2825 1248 sacrilegium
2885 1174 3130 1233 ebrietati

1134 1268 1311 1326 fuisse
1376 1268 1750 1326 coniunctum.
1815 1284 1943 1324 nam
2008 1266 2158 1324 sicut
2220 1271 2398 1325 mater
2459 1266 2588 1325 fidei
2653 1270 3003 1328 continentia
3063 1271 3128 1328 its

1135 1361 1393 1436 perfidiae
1441 1365 1617 1420 mater
1657 1361 1895 1419 ebrietas
1938 1365 2041 1419 est.
2082 1361 2137 1418 in
2182 1362 2332 1434 quod
2371 1362 2589 1421 facinus
2629 1380 2736 1420 non
2780 1364 2894 1422 ista
2936 1364 3126 1439 praeci-

1005 1453 1096 1509 ·42
1137 1457 1324 1532 pitat?
1382 1455 1576 1514 sedent
1628 1456 1686 1512 in
1741 1455 1955 1512 foribus
2011 1454 2360 1513 tabernarum
2416 1456 2668 1514 homines
2724 1457 2981 1515 tunicam
3035 1473 3126 1515 non

1135 1551 1401 1608 habentes
1453 1558 1557 1607 nec
1617 1554 1904 1623 sumptum
1962 1551 2246 1623 sequentis
2303 1550 2430 1607 diei.
2478 1550 2558 1631 ‚de
2598 1550 3037 1628 imperatoribus
3080 1554 3180 1608 stu

1134 1645 1508 1718 potestatibus
1554 1645 1822 1713 iudicant,
1871 1645 2043 1703 immo
2091 1661 2319 1719 regnare
2369 1645 2475 1703 sibi
2525 1645 2789 1703 uidentur
2836 1648 2900 1703 et
2948 1645 3131 1703 exerci-

1137 1739 1289 1797 tibus
1330 1740 1614 1813 imperare.
1648 1739 1792 1797 fiunt
1824 1739 2090 1798 ebrietate
2125 1739 2328 1796 diuites
2364 1739 2459 1811 qui
2493 1742 2625 1797 sunt
2657 1740 2896 1798 ueritate
2932 1740 3129 1814 inopes.
3201 1738 3215 1788 l

1139 1850 1330 1891 aurum
1369 1834 1592 1902 donant,
1628 1834 1951 1906 dispensant
1980 1834 2244 1907 pecunias
2278 1833 2519 1908 populis,
2557 1833 2817 1891 ciuitates
2852 1834 3133 1893 aedificant

1137 1929 1233 2001 qui
1282 1945 1390 1985 non
1440 1928 1646 1986 habent
1693 1928 1929 2002 cauponi
1976 1927 2119 1985 unde
2168 1930 2336 2001 potus
2386 1927 2585 1992 (nisi)
2640 1928 2757 1986 suis
2818 1930 3136 2004 corporibus

1137 2023 1377 2096 pretium
1437 2022 1676 2080 soluant.
1734 2022 1914 2079 feruet
1968 2022 2113 2079 enim
2174 2022 2364 2078 uinum
2422 2022 2478 2079 in
2537 2022 2642 2089 his,
2700 2023 2966 2081 nesciunt
3013 2022 3136 2098 quid
3161 2038 3188 2074 u

1136 2117 1452 2189 loquantur.
1520 2117 1722 2174 diuites
1782 2119 1930 2183 sunt,
1990 2117 2123 2173 dum
2180 2116 2554 2184 inebriantur;
2612 2133 2737 2173 mox
2794 2117 2894 2173 ubi
2955 2118 3139 2176 uinum

1139 2208 1491 2287 digesserint,
1566 2213 1798 2269 cernunt
1868 2228 1927 2268 se
2001 2227 2125 2268 esse
2198 2211 2500 2269 mendicoS.
2581 2228 2693 2268 uno
2777 2212 2865 2268 die
2949 2212 3139 2269 bibunt

1020 2301 1097 2358 43
1139 2308 1442 2391 multorum
1507 2307 1720 2364 dierum
1787 2305 2023 2384 labores.
2106 2305 2173 2362 de
2239 2305 2508 2363 ebrietate
2574 2305 2642 2361 ad
2704 2304 2861 2362 'arma
2930 2322 3138 2364 consur·

1140 2402 1308 2476 gitur,
1381 2401 1651 2458 calicibus
1723 2400 1839 2458 tela
1902 2400 2225 2457 succedunt.
2299 2417 2397 2473 pro
2462 2399 2595 2456 uino
2670 2400 2924 2474 sanguis,
2981 2400 3136 2458 effun-

1141 2495 1290 2553 ditur
1339 2499 1396 2552 et
1442 2495 1628 2567 ipsum
1679 2495 2006 2568 sanguinem
2063 2494 2195 2551 uina
2252 2493 2534 2551 fuderunt.
2589 2510 2754 2567 quam
2813 2492 2996 2553 fortes
3037 2492 3132 2550 sibi
3156 2507 3196 2543 n

1140 2589 1391 2646 homines
1458 2588 1716 2646 uidentur
1778 2588 1832 2644 in
1892 2588 2041 2655 uin0‚
2101 2604 2268 2660 quam
2333 2587 2633 2660 sapientes,
2693 2603 2860 2660 quam
2941 2587 3129 2652 diserti,

1143 2687 1413 2757 quantum
1486 2683 1654 2741 etiam
1725 2682 1944 2756 pulchri
2004 2668 2073 2739 ac
2140 2682 2352 2750 decori,
2426 2699 2554 2740 cum
2621 2688 2765 2740 stare
2847 2699 2965 2740 non
3022 2698 3133 2757 pos-

1144 2779 1287 2836 sint!
1346 2795 1504 2835 mens
1555 2794 1780 2835 necesse
1829 2780 1916 2833 est
1960 2777 2186 2844 titubet,
2236 2777 2430 2850 lingua
2477 2776 2771 2840 balbutiat,
2822 2776 3012 2849 pallor
3063 2793 3136 2835 ex·

1142 2873 1373 2947 sanguis
1408 2888 1503 2929 ora
1535 2870 1834 2937 suffundat,
1863 2871 2005 2934 <ut>
2032 2870 2211 2927 faetor
2243 2869 2527 2927 ebrietatis
2562 2869 2772 2927 horrori
2807 2870 2904 2928 sit.
2938 2869 3132 2930 barbm‘

1296 3028 1328 3075 4
1353 3025 1496 3073 Exod.
1521 3025 1599 3081 32,
1630 3026 1649 3072 1
1680 3039 1784 3086 sqq.
1853 3024 1912 3072 10
1942 3024 2051 3072 Bas.
2086 3026 2179 3073 449
2212 3026 2251 3072 Β
2289 3026 2399 3083 (124
2433 3024 2495 3082 D)
2563 3023 2759 3071 22·Hor.
2787 3023 2946 3086 Epist.
2973 3026 3000 3074 1
3026 3023 3123 3085 5,ss

1209 3137 1230 3184 1
1267 3138 1342 3185 est
1373 3135 1464 3183 hoc
1499 3133 1605 3183 GH
1695 3133 1807 3180 dum
1839 3146 1928 3182 om.
1954 3133 2014 3181 H
2104 3133 2164 3181 de
2196 3147 2232 3180 s.
2258 3149 2305 3180 u.
2334 3133 2382 3180 P
2473 3134 2501 3181 3
2533 3132 2837 3194 impatientia
2860 3134 2914 3180 B
3011 3137 3044 3183 4
3074 3130 3140 3197 qui

1143 3231 1231 3265 om.
1265 3214 1336 3263 H‘
1464 3218 1514 3261 et
1546 3227 1635 3261 om.
1676 3211 1722 3261 G
1832 3214 1862 3261 5
1893 3212 2056 3274 itaque
2089 3211 2143 3259 D
2255 3212 2283 3259 7
2318 3210 2619 3259 confunctum
2652 3211 2700 3258 P
2791 3212 2821 3260 8
2853 3214 3087 3274 perfidiae
3112 3210 3144 3273 (ἱ

1145 3296 1231 3343 alt.
1249 3308 1302 3341 »3.
1328 3294 1399 3355 u.)
1426 3291 1471 3340 G
1597 3296 1716 3354 quot
1741 3290 1793 3349 (d
1816 3305 1853 3339 s.
1881 3290 1922 3352 t)
1947 3290 1997 3338 P
2017 3305 2110 3352 quo
2133 3290 2180 3338 B
2304 3290 2569 3353 praecipita
2592 3289 2639 3337 B
2733 3290 2763 3338 9
2796 3289 3084 3339 sedentibus
3106 3289 3146 3338 G

1206 3371 1390 3420 foribus
1425 3371 1474 3432 (b
1506 3372 1563 3418 v'n
1595 3374 1714 3426 ras.)
1752 3369 1797 3418 G
1925 3369 2128 3418 hominis
2162 3369 2209 3416 P
2333 3370 2496 3416 tunica
2532 3369 2576 3417 G
2699 3369 2749 3417 11
2788 3369 3008 3418 iudicant
3036 3386 3076 3419 s.
3105 3385 3147 3418 τι.

1143 3456 1227 3499 ηι4
1259 3452 1307 3499 Ρ
1431 3449 1522 3498 sibi
1555 3465 1754 3510 regnare
1786 3449 1899 3498 DP‘
2034 3449 2090 3496 13
2125 3447 2441 3495 adsedificant
2470 3447 2519 3495 P
2646 3447 2970 3497 adaedificant
3003 3449 3149 3509 (edifi-

1144 3535 1257 3578 cant
1288 3530 1369 3592 P‘)
1402 3529 1624 3578 ciuitates
1655 3528 1769 3576 DP‘
1890 3529 1947 3576 14
1981 3528 2105 3575 unde
2140 3528 2341 3587 cauponi
2374 3525 2442 3573 H‘
2577 3526 2725 3580 <nisi>
2749 3527 2847 3573 suis
2882 3527 3154 3590 corporibus

1145 3609 1350 3673 pretium
1381 3609 1555 3668 scripsi
1585 3609 1658 3655 sui
1694 3608 1899 3668 corporis
1934 3604 2214 3654 PBH'DP‘
2246 3606 2317 3652 sui
2350 3606 2502 3666 ptiurn
2541 3604 2646 3652 GH
2754 3606 2811 3653 16
2845 3606 3153 3654 inebriabun-

1145 3692 1225 3736 tur
1256 3688 1305 3735 P
1416 3688 1473 3734 18
1508 3686 1685 3734 dierum
1720 3701 1809 3735 om.
1849 3684 1955 3734 GH
2062 3687 2119 3733 19
2154 3683 2446 3732 succendunt
2480 3688 2529 3742 (n
2563 3684 2704 3743 eras.)
2739 3683 2798 3730 P‘
2911 3685 2975 3732 20
3008 3685 3155 3732 sortes

1149 3772 1191 3825 (s
1223 3781 1260 3815 s.
1293 3768 1364 3825 u.)
1398 3765 1447 3812 P
1567 3767 1628 3813 22
1663 3769 1891 3826 quantum
1923 3764 2098 3825 scripsi
2130 3778 2268 3825 quam
2309 3761 2414 3811 GH
2443 3766 2621 3825 quanto
2654 3768 2737 3810 cet.
2889 3762 3083 3825 pulcrhi
3115 3762 3160 3810 P

1209 3848 1410 3908 possunt
1441 3844 1553 3892 DP‘
1680 3845 1741 3892 23
1775 3857 1966 3891 necesse
2001 3847 2075 3890 est
2107 3858 2194 3890 om.
2234 3841 2339 3890 GH
2460 3841 2699 3889 balbutiet
2729 3840 2839 3889 HD
2991 3856 3156 3890 exsan-

1147 3924 1276 3986 guis]
1313 3928 1362 3971 et
1395 3922 1589 3985 sanguis
1625 3921 1732 3970 GH
1739 3916 1747 3925 '
1806 3924 1867 3969 24
1900 3926 1954 3969 ut
1988 3920 2164 3969 addidi
2256 3920 2412 3969 faetor
2443 3920 2558 3968 PH‘
2589 3920 2745 3968 fateor
2772 3919 2881 3968 GH
2912 3920 3039 3968 fetor
3072 3927 3156 3969 cei.

1212 4003 1458 4050 ebrietatis
1492 4005 1563 4063 (ta
1592 4017 1630 4050 s.
1664 4016 1712 4048 u.
1746 4005 1846 4060 m3)
1887 4001 1932 4048 G
2057 4000 2222 4048 horror
2254 4000 2319 4047 sit
2357 3998 2461 4047 GH
2489 3999 2731 4046 horrescat
2762 3999 2878 4046 DP‘
