4242 4694
1153 540 1224 586 De
1248 539 1632 601 interpellatione
1656 537 1742 585 Iob
1767 541 1815 585 et
1833 537 1991 586 Dauid
2009 537 2033 586 1
2050 538 2093 586 8.
2113 541 2156 594 9,
2175 540 2361 586 27-29
2393 539 2436 601 (Ι
2455 541 2546 588 635
2562 538 2753 589 c—636
2772 540 2844 600 C).
2909 544 3022 601 229

1031 712 1425 768 maledictus
1475 712 1655 784 inquit
1704 728 1733 767 a
1783 716 1973 779 terra,
2015 728 2175 785 quae
2219 713 2479 785 aperuit
2521 730 2589 770 os
2633 731 2819 771 suum
2860 715 3026 771 acci·

1028 824 1179 879 pere
1247 806 1629 878 sauguinem
1698 806 1926 862 fratris
1991 806 2088 862 tui
2155 806 2229 862 de
2288 824 2471 863 mauu
2532 811 2662 875 tua,
2724 808 3022 880 quoniam

1030 899 1407 971 operaberis
1449 904 1704 957 terram.

866 994 943 1050 28
1108 993 1393 1050 Flebiliter
1456 993 1643 1066 itaque
1710 999 1935 1050 sauctus
2001 994 2251 1064 deplorat
2316 994 2465 1050 uitae
2529 995 2696 1052 istius
2755 1000 3021 1069 tempora.

970 1111 993 1144 ο
1030 1103 1223 1160 pereo
1274 1087 1457 1160 inquit
1508 1092 1570 1143 et
1619 1087 1866 1160 spiritu
1919 1087 2363 1156 circumferor,
2408 1107 2514 1146 oro
2557 1094 2772 1145 autem
2813 1089 3196 1163 sepul-eeu

1026 1185 1238 1237 turam
1283 1186 1346 1237 et
1388 1198 1505 1238 non
1541 1182 1817 1253 inpetro,
1852 1198 2079 1253 precor
2110 1181 2433 1239 laborans,
2470 1187 2534 1240 et
2567 1183 2720 1256 quid
2752 1183 3023 1241 faciam?

1030 1275 1171 1332 dies
1215 1275 1338 1331 mei
1381 1274 1786 1331 transierunt
1826 1275 1887 1331 in
1932 1275 2213 1338 horrore,
2255 1276 2507 1348 dirupti
2549 1281 2704 1334 sunt
2753 1276 3024 1335 articuli

1028 1368 1249 1425 cordis
1307 1367 1447 1426 mei.
1504 1384 1603 1425 nec
1660 1372 1842 1424 tamen
1904 1384 2138 1440 usquam
2198 1370 2426 1445 derogat
2479 1370 2686 1428 iudicio
2743 1370 2866 1437 dei;
2916 1371 3025 1428 scit

1030 1462 1174 1519 enim
1224 1462 1551 1535 profundam
1603 1478 1726 1519 esse
1777 1462 2124 1519 altitudinem
2177 1464 2478 1537 sapientiae
2528 1470 2585 1521 et
2630 1464 2894 1522 scientiae
2935 1463 3025 1522 dei

951 1583 994 1615 ιο
1028 1560 1083 1614 et
1138 1556 1520 1614 inscrutabilia
1573 1556 1782 1613 iudicia.
1839 1557 1959 1614 eius
2017 1561 2186 1630 atque
2242 1558 2662 1631 inuestigabiles
2710 1559 2831 1615 uias
2882 1558 3021 1617 eiuS.

867 1654 902 1709 9
1028 1668 1147 1708 non
1217 1651 1646 1707 calcauerunt
1707 1650 1892 1722 inquit
1948 1668 2056 1708 eas
2111 1652 2247 1708 filii
2305 1652 2847 1726 glorificantium,
2907 1670 3019 1709 nec

1026 1744 1345 1800 transiuit
1393 1761 1506 1816 per
1555 1760 1662 1801 eas
1711 1745 1831 1801 leo.
1884 1745 2009 1816 quis
2060 1745 2205 1801 enim
2246 1746 2430 1818 potuit
2469 1745 2592 1803 uias
2635 1746 2754 1804 eius
2796 1762 3018 1820 conpre-

1027 1837 1281 1906 hendere,
1316 1838 1440 1910 quis
1475 1838 1661 1896 abdite
1695 1840 1914 1896 occulta
1945 1839 2300 1911 penetrauit?
2336 1837 2499 1896 unde
2533 1840 2715 1912 inquit
2752 1840 3019 1899 inuenta
3068 1845 3105 1891 B

1027 1935 1129 1989 est
1171 1933 1501 2006 sapientia
1542 1936 1654 1990 aut
1695 1933 1841 2005 quis
1881 1933 2068 1990 locus
2113 1933 2556 2006 disciplinae?
2604 1934 2817 1991 nescit
2862 1952 3018 1991 mor-

950 2052 994 2086 15
1027 2026 1187 2082 talis
1238 2027 1425 2083 homo
1476 2026 1644 2083 uiam
1696 2027 1857 2089 eius,
1911 2043 2023 2082 nec
2064 2027 2335 2082 inuenta
2376 2029 2478 2083 est
2518 2027 2577 2082 in
2621 2027 3018 2085 hominibus,

1029 2121 1309 2193 abyssus
1361 2120 1561 2177 dixit:
1615 2138 1731 2177 non
1784 2124 1887 2177 est
1935 2121 1996 2177 in
2039 2138 2152 2188 me,
2195 2124 2258 2178 et
2297 2137 2470 2180 mare
2511 2120 2712 2178 dixit:
2754 2139 2874 2178 non
2921 2127 3022 2179 est

1027 2233 1292 2271 mecum.
1344 2233 1447 2272 non
1498 2214 1601 2271 tibi
1652 2216 1785 2272 lieet
1833 2215 1991 2282 scire,
2042 2232 2072 2271 ο
2123 2215 2307 2283 hom0‚
2358 2215 2470 2272 alta
2518 2215 2853 2287 sapientiae;
2895 2216 3018 2273 ideo

1025 2309 1130 2365 tibi
1188 2309 1456 2381 scriptum
1516 2314 1633 2365 est:
1691 2309 1826 2365 noli
1885 2309 2089 2365 altum
2155 2326 2401 2381 sapere,
2469 2308 2580 2366 sed
2646 2309 2820 2366 time.
2887 2309 3020 2382 quid

1025 2404 1241 2460 curiose
1299 2404 1457 2475 cupis
1516 2404 1858 2474 inuestigare
1917 2404 2063 2475 quod
2119 2404 2222 2461 tibi
2279 2404 2419 2461 scire
2476 2420 2582 2461 non
2643 2404 2861 2477 expedit
2919 2421 3017 2461 nec

941 2526 989 2561 κο
1025 2514 1357 2570 cognoscere
1408 2497 1612 2555 datur?
1667 2497 1871 2553 Paulus
1920 2498 2137 2554 audiuit
2187 2498 2370 2570 aliqua
2427 2501 2641 2555 secreta
2696 2499 3016 2571 sapientiae,

1024 2609 1162 2663 quae
1227 2589 1541 2662 prohibitus
1607 2595 1693 2646 est
1757 2590 1881 2648 aliis
1945 2592 2218 2659 iutimare,
2278 2595 2333 2648 et
2388 2591 2511 2649 ideo
2570 2594 2762 2664 raptus
2820 2596 2908 2648 est
2962 2594 3016 2648 in

1018 2685 1357 2756 paradisum,
1415 2687 1606 2756 raptus
1664 2701 1840 2756 usque
1899 2684 1966 2741 ad
2016 2686 2242 2741 tertium
2294 2687 2527 2750 caelum,
2577 2690 2639 2741 ut
2688 2685 2904 2741 audiret
2953 2702 3015 2741 ea
3065 2690 3101 2738 C

1021 2795 1161 2849 quae
1218 2779 1438 2851 positus
1495 2779 1549 2834 in
1608 2781 1768 2836 terris
1826 2780 2015 2836 audire
2066 2797 2170 2836 non
2222 2782 2459 2852 poterat.
2509 2779 2558 2836 si
2610 2796 2749 2851 quae
2797 2779 3016 2836 audiuit

1020 2873 1204 2938 homo,
1252 2890 1358 2929 non
1407 2873 1569 2929 licuit
1616 2872 1666 2928 ei
1715 2872 1891 2946 loqui,
1940 2873 2406 2946 quemadmodum
2453 2872 2603 2946 quod
2651 2890 2756 2929 non
2801 2873 3016 2929 audiuit

937 2996 986 3031 25
1020 2961 1293 3038 inquirit?
1357 2967 1704 3039 imperatoris
1763 2968 1872 3024 tibi
1935 2968 2103 3025 huius
2170 2969 2222 3023 in
2288 2968 2448 3024 terris
2514 2985 2620 3024 non
2684 2967 2820 3024 licet
2873 2968 3013 3024 scire

1177 3165 1197 3211 1
1237 3163 1353 3212 Gen.
1386 3167 1431 3219 4,
1463 3165 1513 3211 11
1544 3180 1615 3226 sq.
1711 3166 1739 3212 5
1774 3156 1857 3211 iob
1885 3165 1955 3218 17,
1986 3166 2006 3211 l
2036 3178 2104 3225 sq.
2130 3168 2178 3211 et
2205 3166 2256 3212 11
2368 3164 2426 3211 10
2457 3164 2543 3211 Iob
2569 3168 2614 3218 5.
2639 3166 2669 3212 9
2692 3165 2826 3212 Rom.
2856 3166 2927 3219 11.
2951 3167 3012 3213 33

1021 3243 1073 3288 ll
1113 3242 1196 3290 Iob
1228 3241 1305 3296 28,
1338 3243 1368 3290 8
1561 3244 1617 3290 12
1649 3242 1734 3289 Iob
1773 3244 1844 3292 ll.
1879 3243 1904 3289 7
2105 3243 2162 3290 13
2195 3242 2279 3290 Iob
2315 3242 2390 3298 28,
2429 3243 2611 3290 12-14
2786 3243 2844 3291 18
2876 3242 3010 3290 Rom.

1024 3322 1097 3376 11,
1131 3321 1191 3369 20
1286 3321 1345 3368 20
1378 3320 1428 3369 ΙΙ
1462 3320 1568 3369 Cor.
1606 3322 1677 3376 12,
1713 3321 1835 3368 2-4

1080 3447 1109 3491 6
1134 3449 1183 3490 et
1200 3460 1278 3506 pr.
1304 3461 1391 3492 om.
1418 3447 1465 3493 Β
1530 3447 1556 3492 7
1582 3447 1629 3494 in
1654 3445 1845 3495 horrore
1867 3445 1939 3494 ed.
1971 3447 2103 3494 Rom.
2129 3443 2197 3502 (ἐν
2232 3443 2389 3510 βρόμῳ
2421 3445 2586 3500 LXX,
2620 3447 2680 3506 cf.
2715 3445 2916 3494 Aristot.
2952 3446 3011 3493 de

1016 3523 1194 3570 mundo
1224 3527 1267 3578 4,
1297 3527 1422 3571 396·
1449 3528 1511 3572 12
1536 3525 1683 3572 Diod.
1703 3525 1799 3575 Sic.
1824 3524 1871 3571 V
1889 3529 1920 3572 '7
1933 3523 2070 3574 Flor.
2093 3524 2162 3572 II
2183 3527 2216 3572 6
2239 3524 2391 3584 (122,
2409 3528 2511 3584 14))
2538 3525 2585 3571 in
2610 3524 2785 3572 honore
2805 3524 3008 3572 PBDP⁴

1017 3600 1234 3648 inhonori
1271 3602 1312 3648 (ι’
1411 3601 1587 3665 dirupti
1620 3603 1668 3651 P
1697 3603 1900 3665 disrupti
1932 3609 2015 3651 cet.
2109 3603 2141 3652 8
2171 3603 2265 3650 mei
2298 3602 2452 3650 cordis
2481 3603 2531 3650 Β
2665 3617 2863 3664 usquam
2893 3603 3006 3650 ΒΡ·

1081 3668 1164 3727 ‹ln—i
1197 3680 1239 3727 (ι’
1333 3681 1390 3729 10
1424 3683 1588 3743 atque]
1621 3685 1670 3729 et
1699 3681 1760 3729 1³⁴
1862 3683 1918 3729 13
1952 3682 2057 3744 quis
2090 3682 2138 3729 Β
2170 3682 2250 3744 qui
2287 3681 2328 3729 C
2357 3695 2478 3743 qnae
2510 3680 2682 3734 PDP,
2704 3682 2829 3742 sort.
2864 3695 3005 3743 quae-

1010 3766 1157 3817 (que>
1296 3759 1456 3822 abdite
1488 3760 1537 3807 P
1566 3759 1618 3818 (d
1650 3774 1709 3808 ex
1739 3763 1779 3810 t)
1815 3760 1975 3808 abdite
2006 3760 2118 3809 DP‘
2151 3760 2311 3808 abdita
2349 3763 2399 3809 et
2434 3758 2476 3807 C
2504 3760 2604 3808 eius
2638 3758 2685 3806 Β
2822 3758 2932 3807 inde
2965 3760 3013 3807 P

1017 3837 1075 3883 17
1126 3837 1239 3885 licet
1270 3838 1360 3885 tibi
1396 3853 1422 3884 0
1455 3838 1595 3885 homo
1629 3839 1747 3887 scire
1782 3840 1840 3886 P‘
1969 3840 2027 3888 18
2073 3839 2167 3888 tibi
2198 3853 2287 3888 om.
2321 3838 2371 3885 Β
2497 3840 2554 3887 19
2594 3840 2781 3899 quaeris
2812 3837 2865 3886 D
2896 3840 2952 3896 (ε.
2983 3838 3008 3895 1

1015 3915 1167 3977 cupis)
1293 3917 1354 3964 ‘20
1387 3917 1549 3978 aliqua
1581 3931 1669 3964 om.
1704 3918 1752 3964 B
1876 3918 1936 3967 23
1967 3921 2095 3967 terra.
2126 3918 2175 3965 Β
2295 3920 2358 3967 25
2389 3933 2480 3966 non
2514 3918 2714 3980 inquirit
2742 3918 2792 3965 Β
2916 3916 3009 3966 tibi

1005 4000 1117 4055 pose
1149 3995 1263 4041 licet
1296 4000 1620 4056 transponunt
1653 3996 1810 4044 BDP‘
1937 3997 1987 4043 in
2020 3996 2158 4044 terris
2188 3997 2240 4044 in
2273 4012 2361 4059 my.
2395 3996 2443 4042 Β
