<?xml version="1.0" encoding="UTF-8"?>
<!DOCTYPE html PUBLIC "-//W3C//DTD XHTML 1.0 Transitional//EN"
    "http://www.w3.org/TR/xhtml1/DTD/xhtml1-transitional.dtd">
<html xmlns="http://www.w3.org/1999/xhtml" xml:lang="en" lang="en">
 <head>
  <title>
</title>
<meta http-equiv="Content-Type" content="text/html;charset=utf-8" />
  <meta name='ocr-system' content='tesseract 3.04.00' />
  <meta name='ocr-capabilities' content='ocr_page ocr_carea ocr_par ocr_line ocrx_word'/>
</head>
<body>
  <div class='ocr_page' id='page_1' title='image "./sanctiambrosiio03petsgoog_0604.png"; bbox 0 0 4242 4694; ppageno 0'>
   <div class='ocr_carea' id='block_1_1' title="bbox 1142 552 2298 611">
    <p class='ocr_par' dir='ltr' id='par_1_1' title="bbox 1142 552 2298 611">
     <span class='ocr_line' id='line_1_1' title="bbox 1142 552 2298 611; baseline 0 -13"><span class='ocrx_word' id='word_1_1' title='bbox 1142 556 1253 611; x_wconf 79' lang='lat'>546</span> <span class='ocrx_word' id='word_1_2' title='bbox 1956 552 2298 598; x_wconf 79' lang='lat' dir='ltr'>Ambrosii</span> 
     </span>
    </p>
   </div>
   <div class='ocr_carea' id='block_1_2' title="bbox 1045 724 3214 2964">
    <p class='ocr_par' dir='ltr' id='par_1_2' title="bbox 1045 724 3206 1553">
     <span class='ocr_line' id='line_1_2' title="bbox 1045 724 3149 802; baseline -0.001 -18"><span class='ocrx_word' id='word_1_3' title='bbox 1045 728 1122 784; x_wconf 79' lang='lat'>48</span> <span class='ocrx_word' id='word_1_4' title='bbox 1217 724 1279 781; x_wconf 92' lang='lat' dir='ltr'>In</span> <span class='ocrx_word' id='word_1_5' title='bbox 1341 724 1776 782; x_wconf 77' lang='lat' dir='ltr'><strong>Deuteronomio</strong></span> <span class='ocrx_word' id='word_1_6' title='bbox 1842 741 2062 797; x_wconf 89' lang='lat' dir='ltr'>quoque</span> <span class='ocrx_word' id='word_1_7' title='bbox 2127 725 2398 799; x_wconf 83' lang='lat' dir='ltr'>scriptum</span> <span class='ocrx_word' id='word_1_8' title='bbox 2464 727 2574 782; x_wconf 79' lang='lat' dir='ltr'>est:</span> <span class='ocrx_word' id='word_1_9' title='bbox 2636 742 2765 783; x_wconf 91' lang='lat' dir='ltr'>non</span> <span class='ocrx_word' id='word_1_10' title='bbox 2826 726 3076 802; x_wconf 86' lang='lat' dir='ltr'>exiges</span> <span class='ocrx_word' id='word_1_11' title='bbox 3120 741 3149 781; x_wconf 86' lang='lat' dir='ltr'>a</span> 
     </span>
     <span class='ocr_line' id='line_1_3' title="bbox 1140 819 3145 892; baseline 0 -16"><span class='ocrx_word' id='word_1_12' title='bbox 1140 819 1365 876; x_wconf 78' lang='lat' dir='ltr'>fratrc</span> <span class='ocrx_word' id='word_1_13' title='bbox 1423 821 1545 877; x_wconf 81' lang='lat' dir='ltr'>tuo</span> <span class='ocrx_word' id='word_1_14' title='bbox 1602 836 1890 876; x_wconf 91' lang='lat' dir='ltr'>usuram</span> <span class='ocrx_word' id='word_1_15' title='bbox 1946 820 2296 892; x_wconf 88' lang='lat' dir='ltr'>pecuniae</span> <span class='ocrx_word' id='word_1_16' title='bbox 2353 822 2423 876; x_wconf 81' lang='lat' dir='ltr'>et</span> <span class='ocrx_word' id='word_1_17' title='bbox 2476 836 2767 877; x_wconf 86' lang='lat' dir='ltr'>usuram</span> <span class='ocrx_word' id='word_1_18' title='bbox 2830 836 3145 879; x_wconf 88' lang='lat' dir='ltr'>escarum</span> 
     </span>
     <span class='ocr_line' id='line_1_4' title="bbox 1140 915 3146 988; baseline 0.001 -18"><span class='ocrx_word' id='word_1_19' title='bbox 1140 918 1210 970; x_wconf 79' lang='lat' dir='ltr'>et</span> <span class='ocrx_word' id='word_1_20' title='bbox 1265 930 1548 971; x_wconf 86' lang='lat' dir='ltr'>usuram</span> <span class='ocrx_word' id='word_1_21' title='bbox 1607 915 1913 972; x_wconf 87' lang='lat' dir='ltr'>omnium</span> <span class='ocrx_word' id='word_1_22' title='bbox 1975 930 2224 984; x_wconf 87' lang='lat' dir='ltr'>rerum,</span> <span class='ocrx_word' id='word_1_23' title='bbox 2290 931 2773 988; x_wconf 88' lang='lat' dir='ltr'>quascumque</span> <span class='ocrx_word' id='word_1_24' title='bbox 2842 915 3146 972; x_wconf 80' lang='lat' dir='ltr'>faenera-</span> 
     </span>
     <span class='ocr_line' id='line_1_5' title="bbox 1141 1007 3144 1083; baseline 0.001 -18"><span class='ocrx_word' id='word_1_25' title='bbox 1141 1007 1333 1065; x_wconf 88' lang='lat' dir='ltr'>ueris</span> <span class='ocrx_word' id='word_1_26' title='bbox 1377 1007 1589 1065; x_wconf 82' lang='lat' dir='ltr'>fratri</span> <span class='ocrx_word' id='word_1_27' title='bbox 1630 1011 1772 1066; x_wconf 88' lang='lat' dir='ltr'>tuo.</span> <span class='ocrx_word' id='word_1_28' title='bbox 1814 1009 1875 1065; x_wconf 86' lang='lat' dir='ltr'>si</span> <span class='ocrx_word' id='word_1_29' title='bbox 1908 1008 2367 1083; x_wconf 79' lang='lat' dir='ltr'>alienigenae</span> <span class='ocrx_word' id='word_1_30' title='bbox 2401 1008 2830 1075; x_wconf 77' lang='lat' dir='ltr'>credideris.</span> <span class='ocrx_word' id='word_1_31' title='bbox 2864 1026 3144 1067; x_wconf 88' lang='lat' dir='ltr'>usuram</span> 
     </span>
     <span class='ocr_line' id='line_1_6' title="bbox 1141 1101 3206 1177; baseline 0 -20"><span class='ocrx_word' id='word_1_32' title='bbox 1141 1102 1381 1176; x_wconf 78' lang='lat' dir='ltr'>exiges</span> <span class='ocrx_word' id='word_1_33' title='bbox 1423 1102 1502 1158; x_wconf 85' lang='lat' dir='ltr'>ab</span> <span class='ocrx_word' id='word_1_34' title='bbox 1545 1119 1640 1171; x_wconf 86' lang='lat' dir='ltr'>ec,</span> <span class='ocrx_word' id='word_1_35' title='bbox 1684 1119 1716 1158; x_wconf 91' lang='lat' dir='ltr'>a</span> <span class='ocrx_word' id='word_1_36' title='bbox 1755 1101 1981 1160; x_wconf 80' lang='lat' dir='ltr'>fratre</span> <span class='ocrx_word' id='word_1_37' title='bbox 2023 1107 2256 1161; x_wconf 74' lang='lat' dir='ltr'>autem</span> <span class='ocrx_word' id='word_1_38' title='bbox 2298 1106 2420 1161; x_wconf 79' lang='lat' dir='ltr'>tuo</span> <span class='ocrx_word' id='word_1_39' title='bbox 2477 1120 2604 1161; x_wconf 89' lang='lat' dir='ltr'>non</span> <span class='ocrx_word' id='word_1_40' title='bbox 2662 1103 2932 1177; x_wconf 79' lang='lat' dir='ltr'>exiges,</span> <span class='ocrx_word' id='word_1_41' title='bbox 2993 1102 3144 1160; x_wconf 83' lang='lat' dir='ltr'>uides</span> <span class='ocrx_word' id='word_1_42' title='bbox 3187 1121 3206 1156; x_wconf 76' lang='grc' dir='ltr'><strong>ι</strong></span> 
     </span>
     <span class='ocr_line' id='line_1_7' title="bbox 1141 1195 3145 1271; baseline 0.001 -20"><span class='ocrx_word' id='word_1_43' title='bbox 1141 1198 1411 1267; x_wconf 80' lang='lat' dir='ltr'>quantum</span> <span class='ocrx_word' id='word_1_44' title='bbox 1460 1195 1676 1268; x_wconf 84' lang='lat' dir='ltr'>pondus</span> <span class='ocrx_word' id='word_1_45' title='bbox 1723 1197 1778 1253; x_wconf 88' lang='lat' dir='ltr'>in</span> <span class='ocrx_word' id='word_1_46' title='bbox 1828 1195 2014 1254; x_wconf 86' lang='lat' dir='ltr'>uerbis</span> <span class='ocrx_word' id='word_1_47' title='bbox 2065 1195 2158 1256; x_wconf 78' lang='lat' dir='ltr'>sit.</span> <span class='ocrx_word' id='word_1_48' title='bbox 2214 1197 2346 1254; x_wconf 89' lang='lat' dir='ltr'>‘noli</span> <span class='ocrx_word' id='word_1_49' title='bbox 2396 1197 2633 1271; x_wconf 81' lang='lat' dir='ltr'>exigere’</span> <span class='ocrx_word' id='word_1_50' title='bbox 2679 1197 2866 1269; x_wconf 81' lang='lat' dir='ltr'>iuquit</span> <span class='ocrx_word' id='word_1_51' title='bbox 2903 1202 3145 1255; x_wconf 81' lang='lat' dir='ltr'>‘usuram</span> 
     </span>
     <span class='ocr_line' id='line_1_8' title="bbox 1141 1289 3148 1362; baseline 0 -16"><span class='ocrx_word' id='word_1_52' title='bbox 1141 1306 1172 1346; x_wconf 88' lang='lat' dir='ltr'>a</span> <span class='ocrx_word' id='word_1_53' title='bbox 1213 1289 1381 1346; x_wconf 78' lang='lat' dir='ltr'>fratre</span> <span class='ocrx_word' id='word_1_54' title='bbox 1423 1291 1557 1358; x_wconf 81' lang='lat' dir='ltr'>tuo’‚</span> <span class='ocrx_word' id='word_1_55' title='bbox 1594 1289 1698 1348; x_wconf 89' lang='lat' dir='ltr'>hoc</span> <span class='ocrx_word' id='word_1_56' title='bbox 1738 1293 1851 1348; x_wconf 74' lang='lat' dir='ltr'>est:</span> <span class='ocrx_word' id='word_1_57' title='bbox 1896 1306 2024 1347; x_wconf 91' lang='lat' dir='ltr'>cum</span> <span class='ocrx_word' id='word_1_58' title='bbox 2066 1306 2176 1362; x_wconf 92' lang='lat' dir='ltr'>quo</span> <span class='ocrx_word' id='word_1_59' title='bbox 2217 1289 2387 1347; x_wconf 87' lang='lat' dir='ltr'>debes</span> <span class='ocrx_word' id='word_1_60' title='bbox 2430 1290 2615 1348; x_wconf 85' lang='lat' dir='ltr'>omnia</span> <span class='ocrx_word' id='word_1_61' title='bbox 2653 1289 2859 1356; x_wconf 87' lang='lat' dir='ltr'>habere</span> <span class='ocrx_word' id='word_1_62' title='bbox 2903 1307 3148 1348; x_wconf 89' lang='lat' dir='ltr'>commu-</span> 
     </span>
     <span class='ocr_line' id='line_1_9' title="bbox 1140 1383 3147 1458; baseline 0 -17"><span class='ocrx_word' id='word_1_63' title='bbox 1140 1384 1246 1449; x_wconf 82' lang='lat' dir='ltr'>nia,</span> <span class='ocrx_word' id='word_1_64' title='bbox 1297 1384 1365 1442; x_wconf 85' lang='lat' dir='ltr'>ab</span> <span class='ocrx_word' id='word_1_65' title='bbox 1415 1401 1480 1441; x_wconf 88' lang='lat' dir='ltr'>eo</span> <span class='ocrx_word' id='word_1_66' title='bbox 1528 1390 1592 1441; x_wconf 88' lang='lat' dir='ltr'>tu</span> <span class='ocrx_word' id='word_1_67' title='bbox 1641 1400 1868 1442; x_wconf 86' lang='lat' dir='ltr'>usuram</span> <span class='ocrx_word' id='word_1_68' title='bbox 1918 1383 2131 1458; x_wconf 79' lang='lat' dir='ltr'>exigis?</span> <span class='ocrx_word' id='word_1_69' title='bbox 2170 1384 2341 1442; x_wconf 79' lang='lat' dir='ltr'>frater</span> <span class='ocrx_word' id='word_1_70' title='bbox 2377 1386 2513 1441; x_wconf 81' lang='lat' dir='ltr'>tuus</span> <span class='ocrx_word' id='word_1_71' title='bbox 2555 1400 2783 1442; x_wconf 83' lang='lat' dir='ltr'>consors</span> <span class='ocrx_word' id='word_1_72' title='bbox 2823 1387 3059 1441; x_wconf 74' lang='lat' dir='ltr'>naturae</span> <span class='ocrx_word' id='word_1_73' title='bbox 3096 1386 3147 1441; x_wconf 86' lang='lat' dir='ltr'>et</span> 
     </span>
     <span class='ocr_line' id='line_1_10' title="bbox 1141 1476 3147 1553; baseline 0 -17"><span class='ocrx_word' id='word_1_74' title='bbox 1141 1478 1369 1536; x_wconf 83' lang='lat' dir='ltr'>coheres</span> <span class='ocrx_word' id='word_1_75' title='bbox 1411 1478 1645 1553; x_wconf 80' lang='lat' dir='ltr'>gratiae:</span> <span class='ocrx_word' id='word_1_76' title='bbox 1687 1479 1801 1536; x_wconf 88' lang='lat' dir='ltr'>noli</span> <span class='ocrx_word' id='word_1_77' title='bbox 1842 1478 1910 1536; x_wconf 77' lang='lat' dir='ltr'>ab</span> <span class='ocrx_word' id='word_1_78' title='bbox 1951 1496 2019 1537; x_wconf 92' lang='lat' dir='ltr'>eo</span> <span class='ocrx_word' id='word_1_79' title='bbox 2060 1479 2278 1553; x_wconf 87' lang='lat' dir='ltr'>exigere</span> <span class='ocrx_word' id='word_1_80' title='bbox 2319 1478 2561 1551; x_wconf 90' lang='lat' dir='ltr'>amplius</span> <span class='ocrx_word' id='word_1_81' title='bbox 2602 1494 2635 1535; x_wconf 88' lang='lat' dir='ltr'>a</span> <span class='ocrx_word' id='word_1_82' title='bbox 2673 1494 2784 1551; x_wconf 88' lang='lat' dir='ltr'>quo</span> <span class='ocrx_word' id='word_1_83' title='bbox 2826 1476 3032 1536; x_wconf 85' lang='lat' dir='ltr'>durum</span> <span class='ocrx_word' id='word_1_84' title='bbox 3066 1481 3147 1537; x_wconf 76' lang='lat' dir='ltr'>est</span> 
     </span>
    </p>

    <p class='ocr_par' dir='ltr' id='par_1_3' title="bbox 1045 1570 3214 2872">
     <span class='ocr_line' id='line_1_11' title="bbox 1045 1570 3209 1646; baseline -0.001 -18"><span class='ocrx_word' id='word_1_85' title='bbox 1045 1571 1122 1628; x_wconf 84' lang='lat'>49</span> <span class='ocrx_word' id='word_1_86' title='bbox 1138 1576 1385 1646; x_wconf 71' lang='lat' dir='ltr'>repetere</span> <span class='ocrx_word' id='word_1_87' title='bbox 1426 1572 1574 1646; x_wconf 90' lang='lat' dir='ltr'>quod</span> <span class='ocrx_word' id='word_1_88' title='bbox 1617 1572 1853 1640; x_wconf 85' lang='lat' dir='ltr'>dederis,</span> <span class='ocrx_word' id='word_1_89' title='bbox 1901 1573 2011 1630; x_wconf 88' lang='lat' dir='ltr'>nisi</span> <span class='ocrx_word' id='word_1_90' title='bbox 2060 1590 2190 1631; x_wconf 89' lang='lat' dir='ltr'>cum</span> <span class='ocrx_word' id='word_1_91' title='bbox 2239 1572 2497 1631; x_wconf 85' lang='lat' dir='ltr'>habuerit</span> <span class='ocrx_word' id='word_1_92' title='bbox 2543 1571 2689 1630; x_wconf 85' lang='lat' dir='ltr'>unde</span> <span class='ocrx_word' id='word_1_93' title='bbox 2737 1570 3040 1631; x_wconf 83' lang='lat' dir='ltr'>dissoluat.</span> <span class='ocrx_word' id='word_1_94' title='bbox 3093 1575 3146 1629; x_wconf 80' lang='lat' dir='ltr'>et</span> <span class='ocrx_word' id='word_1_95' title='bbox 3172 1593 3209 1626; x_wconf 79' lang='grc' dir='ltr'>ιο</span> 
     </span>
     <span class='ocr_line' id='line_1_12' title="bbox 1140 1665 3147 1742; baseline -0 -19"><span class='ocrx_word' id='word_1_96' title='bbox 1140 1666 1271 1739; x_wconf 79' lang='lat' dir='ltr'>quis</span> <span class='ocrx_word' id='word_1_97' title='bbox 1308 1668 1556 1740; x_wconf 87' lang='lat' dir='ltr'>plerique</span> <span class='ocrx_word' id='word_1_98' title='bbox 1596 1666 1936 1742; x_wconf 76' lang='lat' dir='ltr'>refugientes</span> <span class='ocrx_word' id='word_1_99' title='bbox 1976 1670 2271 1740; x_wconf 75' lang='lat' dir='ltr'>praecepta</span> <span class='ocrx_word' id='word_1_100' title='bbox 2313 1667 2473 1742; x_wconf 84' lang='lat' dir='ltr'>legis,</span> <span class='ocrx_word' id='word_1_101' title='bbox 2509 1683 2644 1724; x_wconf 84' lang='lat' dir='ltr'>-cum</span> <span class='ocrx_word' id='word_1_102' title='bbox 2684 1665 2947 1724; x_wconf 80' lang='lat' dir='ltr'>dederint</span> <span class='ocrx_word' id='word_1_103' title='bbox 2990 1682 3147 1740; x_wconf 87' lang='lat' dir='ltr'>pecu·</span> 
     </span>
     <span class='ocr_line' id='line_1_13' title="bbox 1141 1759 3149 1841; baseline 0 -25"><span class='ocrx_word' id='word_1_104' title='bbox 1141 1760 1287 1841; x_wconf 77' lang='lat' dir='ltr'>niam</span> <span class='ocrx_word' id='word_1_105' title='bbox 1327 1778 1360 1817; x_wconf 93' lang='lat' dir='ltr'>n</span> <span class='ocrx_word' id='word_1_106' title='bbox 1405 1759 1788 1826; x_wconf 61' lang='lat' dir='ltr'>rotiatoribus,</span> <span class='ocrx_word' id='word_1_107' title='bbox 1838 1777 1945 1819; x_wconf 91' lang='lat' dir='ltr'>non</span> <span class='ocrx_word' id='word_1_108' title='bbox 1996 1762 2053 1818; x_wconf 91' lang='lat' dir='ltr'>in</span> <span class='ocrx_word' id='word_1_109' title='bbox 2101 1761 2341 1834; x_wconf 91' lang='lat' dir='ltr'>pecunia</span> <span class='ocrx_word' id='word_1_110' title='bbox 2386 1777 2588 1819; x_wconf 87' lang='lat' dir='ltr'>usuras</span> <span class='ocrx_word' id='word_1_111' title='bbox 2637 1760 2888 1835; x_wconf 75' lang='lat' dir='ltr'>exigunt,</span> <span class='ocrx_word' id='word_1_112' title='bbox 2939 1759 3040 1818; x_wconf 84' lang='lat' dir='ltr'>sed</span> <span class='ocrx_word' id='word_1_113' title='bbox 3085 1759 3149 1817; x_wconf 83' lang='lat' dir='ltr'>de</span> 
     </span>
     <span class='ocr_line' id='line_1_14' title="bbox 1141 1854 3148 1929; baseline 0 -18"><span class='ocrx_word' id='word_1_114' title='bbox 1141 1854 1420 1912; x_wconf 78' lang='lat' dir='ltr'>mercibus</span> <span class='ocrx_word' id='word_1_115' title='bbox 1467 1871 1660 1912; x_wconf 89' lang='lat' dir='ltr'>eorum</span> <span class='ocrx_word' id='word_1_116' title='bbox 1707 1858 1994 1928; x_wconf 77' lang='lat' dir='ltr'>tamquam</span> <span class='ocrx_word' id='word_1_117' title='bbox 2044 1872 2341 1913; x_wconf 86' lang='lat' dir='ltr'>usurarum</span> <span class='ocrx_word' id='word_1_118' title='bbox 2393 1856 2772 1914; x_wconf 84' lang='lat' dir='ltr'>emolumenta</span> <span class='ocrx_word' id='word_1_119' title='bbox 2815 1854 3148 1929; x_wconf 84' lang='lat' dir='ltr'>percipiunt,</span> 
     </span>
     <span class='ocr_line' id='line_1_15' title="bbox 1138 1947 3151 2034; baseline 0 -29"><span class='ocrx_word' id='word_1_120' title='bbox 1138 1947 1264 2006; x_wconf 87' lang='lat' dir='ltr'>ideo</span> <span class='ocrx_word' id='word_1_121' title='bbox 1292 1949 1524 2034; x_wconf 74' lang='lat' dir='ltr'>audiant</span> <span class='ocrx_word' id='word_1_122' title='bbox 1548 1948 1682 2021; x_wconf 86' lang='lat' dir='ltr'>quid</span> <span class='ocrx_word' id='word_1_123' title='bbox 1712 1949 1801 2007; x_wconf 92' lang='lat' dir='ltr'>lex</span> <span class='ocrx_word' id='word_1_124' title='bbox 1834 1949 2002 2008; x_wconf 84' lang='lat' dir='ltr'>dicat.</span> <span class='ocrx_word' id='word_1_125' title='bbox 2036 1966 2261 2023; x_wconf 90' lang='lat' dir='ltr'>neque</span> <span class='ocrx_word' id='word_1_126' title='bbox 2294 1966 2580 2007; x_wconf 85' lang='lat' dir='ltr'>usuram</span> <span class='ocrx_word' id='word_1_127' title='bbox 2610 1950 2798 2023; x_wconf 75' lang='lat' dir='ltr'>inquit</span> <span class='ocrx_word' id='word_1_128' title='bbox 2828 1965 3151 2007; x_wconf 87' lang='lat' dir='ltr'>escarum</span> 
     </span>
     <span class='ocr_line' id='line_1_16' title="bbox 1141 2043 3214 2118; baseline -0.002 -18"><span class='ocrx_word' id='word_1_129' title='bbox 1141 2043 1461 2116; x_wconf 81' lang='lat' dir='ltr'>accipies</span> <span class='ocrx_word' id='word_1_130' title='bbox 1494 2061 1717 2118; x_wconf 90' lang='lat' dir='ltr'>neque</span> <span class='ocrx_word' id='word_1_131' title='bbox 1760 2043 2063 2102; x_wconf 88' lang='lat' dir='ltr'>omnium</span> <span class='ocrx_word' id='word_1_132' title='bbox 2104 2061 2356 2115; x_wconf 87' lang='lat' dir='ltr'>rerum,</span> <span class='ocrx_word' id='word_1_133' title='bbox 2399 2059 2890 2118; x_wconf 86' lang='lat' dir='ltr'>quascumque</span> <span class='ocrx_word' id='word_1_134' title='bbox 2931 2043 3214 2101; x_wconf 68' lang='lat' dir='ltr'>saeue-1³</span> 
     </span>
     <span class='ocr_line' id='line_1_17' title="bbox 1140 2137 3151 2212; baseline 0 -18"><span class='ocrx_word' id='word_1_135' title='bbox 1140 2139 1417 2195; x_wconf 74' lang='lat' dir='ltr'>rauel-is</span> <span class='ocrx_word' id='word_1_136' title='bbox 1470 2137 1682 2196; x_wconf 78' lang='lat' dir='ltr'>fratri</span> <span class='ocrx_word' id='word_1_137' title='bbox 1736 2141 1875 2195; x_wconf 77' lang='lat' dir='ltr'>tuo.</span> <span class='ocrx_word' id='word_1_138' title='bbox 1934 2139 2085 2197; x_wconf 80' lang='lat' dir='ltr'>fraus</span> <span class='ocrx_word' id='word_1_139' title='bbox 2137 2138 2282 2196; x_wconf 88' lang='lat' dir='ltr'>enim</span> <span class='ocrx_word' id='word_1_140' title='bbox 2326 2139 2439 2196; x_wconf 77' lang='lat' dir='ltr'>ists</span> <span class='ocrx_word' id='word_1_141' title='bbox 2476 2141 2535 2196; x_wconf 80' lang='lat' dir='ltr'>et</span> <span class='ocrx_word' id='word_1_142' title='bbox 2575 2138 3030 2212; x_wconf 80' lang='lat' dir='ltr'>circumscriptio</span> <span class='ocrx_word' id='word_1_143' title='bbox 3069 2139 3151 2195; x_wconf 80' lang='lat' dir='ltr'>est</span> 
     </span>
     <span class='ocr_line' id='line_1_18' title="bbox 1140 2231 3149 2307; baseline -0 -19"><span class='ocrx_word' id='word_1_144' title='bbox 1140 2232 1302 2307; x_wconf 77' lang='lat' dir='ltr'>legis,</span> <span class='ocrx_word' id='word_1_145' title='bbox 1343 2250 1448 2290; x_wconf 89' lang='lat' dir='ltr'>non</span> <span class='ocrx_word' id='word_1_146' title='bbox 1492 2232 1766 2292; x_wconf 81' lang='lat' dir='ltr'>custodia.</span> <span class='ocrx_word' id='word_1_147' title='bbox 1809 2238 1871 2291; x_wconf 55' lang='lat' dir='ltr'>et&gt;</span> <span class='ocrx_word' id='word_1_148' title='bbox 1904 2235 2072 2305; x_wconf 78' lang='lat' dir='ltr'>putas</span> <span class='ocrx_word' id='word_1_149' title='bbox 2111 2235 2170 2290; x_wconf 80' lang='lat' dir='ltr'>te</span> <span class='ocrx_word' id='word_1_150' title='bbox 2210 2232 2301 2306; x_wconf 89' lang='lat' dir='ltr'>pie</span> <span class='ocrx_word' id='word_1_151' title='bbox 2339 2232 2539 2301; x_wconf 85' lang='lat' dir='ltr'>facere,</span> <span class='ocrx_word' id='word_1_152' title='bbox 2573 2231 2707 2305; x_wconf 80' lang='lat' dir='ltr'>quia</span> <span class='ocrx_word' id='word_1_153' title='bbox 2738 2247 2771 2288; x_wconf 84' lang='lat' dir='ltr'>a</span> <span class='ocrx_word' id='word_1_154' title='bbox 2799 2231 3149 2307; x_wconf 73' lang='lat' dir='ltr'>negotiatore</span> 
     </span>
     <span class='ocr_line' id='line_1_19' title="bbox 1141 2324 3146 2400; baseline 0.001 -19"><span class='ocrx_word' id='word_1_155' title='bbox 1141 2325 1301 2381; x_wconf 76' lang='lat' dir='ltr'>uelut</span> <span class='ocrx_word' id='word_1_156' title='bbox 1348 2328 1609 2383; x_wconf 83' lang='lat' dir='ltr'>mutuum</span> <span class='ocrx_word' id='word_1_157' title='bbox 1658 2326 1942 2400; x_wconf 81' lang='lat' dir='ltr'>suscipis?</span> <span class='ocrx_word' id='word_1_158' title='bbox 1992 2324 2120 2383; x_wconf 84' lang='lat' dir='ltr'>inde</span> <span class='ocrx_word' id='word_1_159' title='bbox 2175 2324 2273 2384; x_wconf 91' lang='lat' dir='ltr'>ille</span> <span class='ocrx_word' id='word_1_160' title='bbox 2312 2325 2563 2384; x_wconf 85' lang='lat' dir='ltr'>fraudem</span> <span class='ocrx_word' id='word_1_161' title='bbox 2603 2324 2741 2382; x_wconf 77' lang='lat' dir='ltr'>facit</span> <span class='ocrx_word' id='word_1_162' title='bbox 2777 2324 2837 2381; x_wconf 84' lang='lat' dir='ltr'>in</span> <span class='ocrx_word' id='word_1_163' title='bbox 2879 2325 3146 2383; x_wconf 86' lang='lat' dir='ltr'>mercium</span> 
     </span>
     <span class='ocr_line' id='line_1_20' title="bbox 1139 2419 3147 2492; baseline 0 -16"><span class='ocrx_word' id='word_1_164' title='bbox 1139 2419 1336 2492; x_wconf 74' lang='lat' dir='ltr'>pretio,</span> <span class='ocrx_word' id='word_1_165' title='bbox 1386 2420 1532 2477; x_wconf 74' lang='lat' dir='ltr'>uncle</span> <span class='ocrx_word' id='word_1_166' title='bbox 1579 2420 1683 2477; x_wconf 79' lang='lat' dir='ltr'>tibi</span> <span class='ocrx_word' id='word_1_167' title='bbox 1732 2420 1909 2477; x_wconf 83' lang='lat' dir='ltr'>soluit</span> <span class='ocrx_word' id='word_1_168' title='bbox 1954 2435 2197 2478; x_wconf 84' lang='lat' dir='ltr'>usuram.</span> <span class='ocrx_word' id='word_1_169' title='bbox 2251 2419 2464 2478; x_wconf 82' lang='lat' dir='ltr'>fraudis</span> <span class='ocrx_word' id='word_1_170' title='bbox 2508 2419 2666 2477; x_wconf 82' lang='lat' dir='ltr'>iuius</span> <span class='ocrx_word' id='word_1_171' title='bbox 2713 2421 2778 2476; x_wconf 79' lang='lat' dir='ltr'>tu</span> <span class='ocrx_word' id='word_1_172' title='bbox 2830 2420 3049 2486; x_wconf 75' lang='lat' dir='ltr'>auctor,</span> <span class='ocrx_word' id='word_1_173' title='bbox 3088 2422 3147 2475; x_wconf 90' lang='lat' dir='ltr'>tu</span> 
     </span>
     <span class='ocr_line' id='line_1_21' title="bbox 1139 2513 3207 2588; baseline 0 -20"><span class='ocrx_word' id='word_1_174' title='bbox 1139 2514 1434 2586; x_wconf 45' lang='lat' dir='ltr'>muriceps,</span> <span class='ocrx_word' id='word_1_175' title='bbox 1476 2514 1580 2571; x_wconf 78' lang='lat' dir='ltr'>tibi</span> <span class='ocrx_word' id='word_1_176' title='bbox 1620 2515 1839 2588; x_wconf 69' lang='lat' dir='ltr'>proficii,</span> <span class='ocrx_word' id='word_1_177' title='bbox 1879 2513 2149 2588; x_wconf 87' lang='lat' dir='ltr'>quidquid</span> <span class='ocrx_word' id='word_1_178' title='bbox 2187 2515 2284 2572; x_wconf 89' lang='lat' dir='ltr'>ille</span> <span class='ocrx_word' id='word_1_179' title='bbox 2325 2514 2682 2572; x_wconf 79' lang='lat' dir='ltr'>fraudauerit.</span> <span class='ocrx_word' id='word_1_180' title='bbox 2726 2516 2782 2571; x_wconf 82' lang='lat' dir='ltr'>et</span> <span class='ocrx_word' id='word_1_181' title='bbox 2816 2531 2952 2572; x_wconf 87' lang='lat' dir='ltr'>esca</span> <span class='ocrx_word' id='word_1_182' title='bbox 2983 2529 3146 2572; x_wconf 78' lang='lat' dir='ltr'>usura</span> <span class='ocrx_word' id='word_1_183' title='bbox 3169 2532 3207 2568; x_wconf 76' lang='grc' dir='ltr'>ιο</span> 
     </span>
     <span class='ocr_line' id='line_1_22' title="bbox 1139 2608 3145 2683; baseline 0 -20"><span class='ocrx_word' id='word_1_184' title='bbox 1139 2611 1226 2664; x_wconf 82' lang='lat' dir='ltr'>est</span> <span class='ocrx_word' id='word_1_185' title='bbox 1274 2610 1330 2664; x_wconf 79' lang='lat' dir='ltr'>et</span> <span class='ocrx_word' id='word_1_186' title='bbox 1377 2608 1556 2665; x_wconf 80' lang='lat' dir='ltr'>uestis</span> <span class='ocrx_word' id='word_1_187' title='bbox 1603 2625 1775 2666; x_wconf 85' lang='lat' dir='ltr'>usura</span> <span class='ocrx_word' id='word_1_188' title='bbox 1823 2611 1913 2665; x_wconf 77' lang='lat' dir='ltr'>est</span> <span class='ocrx_word' id='word_1_189' title='bbox 1961 2612 2019 2667; x_wconf 80' lang='lat' dir='ltr'>et</span> <span class='ocrx_word' id='word_1_190' title='bbox 2067 2609 2457 2683; x_wconf 88' lang='lat' dir='ltr'>quodcumque</span> <span class='ocrx_word' id='word_1_191' title='bbox 2514 2608 2651 2667; x_wconf 81' lang='lat' dir='ltr'>sorti</span> <span class='ocrx_word' id='word_1_192' title='bbox 2706 2608 2928 2666; x_wconf 83' lang='lat' dir='ltr'>accedit</span> <span class='ocrx_word' id='word_1_193' title='bbox 2986 2623 3145 2665; x_wconf 80' lang='lat' dir='ltr'>usura</span> 
     </span>
     <span class='ocr_line' id='line_1_23' title="bbox 1139 2700 3143 2776; baseline -0 -19"><span class='ocrx_word' id='word_1_194' title='bbox 1139 2703 1242 2758; x_wconf 76' lang='lat' dir='ltr'>est.</span> <span class='ocrx_word' id='word_1_195' title='bbox 1286 2701 1436 2773; x_wconf 87' lang='lat' dir='ltr'>quod</span> <span class='ocrx_word' id='word_1_196' title='bbox 1477 2700 1620 2760; x_wconf 88' lang='lat' dir='ltr'>uelis</span> <span class='ocrx_word' id='word_1_197' title='bbox 1661 2702 1713 2758; x_wconf 94' lang='lat' dir='ltr'>ei</span> <span class='ocrx_word' id='word_1_198' title='bbox 1753 2718 1949 2760; x_wconf 89' lang='lat' dir='ltr'>nomen</span> <span class='ocrx_word' id='word_1_199' title='bbox 1993 2702 2241 2776; x_wconf 86' lang='lat' dir='ltr'>inponas,</span> <span class='ocrx_word' id='word_1_200' title='bbox 2290 2718 2461 2760; x_wconf 87' lang='lat' dir='ltr'>usura</span> <span class='ocrx_word' id='word_1_201' title='bbox 2509 2704 2612 2759; x_wconf 63' lang='lat' dir='ltr'>esi„</span> <span class='ocrx_word' id='word_1_202' title='bbox 2671 2701 2720 2758; x_wconf 90' lang='lat' dir='ltr'>si</span> <span class='ocrx_word' id='word_1_203' title='bbox 2766 2700 2999 2759; x_wconf 84' lang='lat' dir='ltr'>licitum</span> <span class='ocrx_word' id='word_1_204' title='bbox 3047 2704 3143 2764; x_wconf 76' lang='lat' dir='ltr'>est,</span> 
     </span>
     <span class='ocr_line' id='line_1_24' title="bbox 1138 2794 3142 2872; baseline -0 -20"><span class='ocrx_word' id='word_1_205' title='bbox 1138 2811 1237 2852; x_wconf 88' lang='lat' dir='ltr'>cur</span> <span class='ocrx_word' id='word_1_206' title='bbox 1290 2796 1629 2854; x_wconf 89' lang='lat' dir='ltr'>uocabulum</span> <span class='ocrx_word' id='word_1_207' title='bbox 1684 2796 1914 2872; x_wconf 82' lang='lat' dir='ltr'>refugis,</span> <span class='ocrx_word' id='word_1_208' title='bbox 1972 2813 2072 2854; x_wconf 86' lang='lat' dir='ltr'>cur</span> <span class='ocrx_word' id='word_1_209' title='bbox 2125 2797 2381 2853; x_wconf 90' lang='lat' dir='ltr'>uelamen</span> <span class='ocrx_word' id='word_1_210' title='bbox 2440 2795 2691 2852; x_wconf 80' lang='lat' dir='ltr'>obt-exis?</span> <span class='ocrx_word' id='word_1_211' title='bbox 2746 2795 2801 2851; x_wconf 89' lang='lat' dir='ltr'>si</span> <span class='ocrx_word' id='word_1_212' title='bbox 2849 2794 3142 2855; x_wconf 81' lang='lat' dir='ltr'>inlicitum.</span> 
     </span>
    </p>

    <p class='ocr_par' dir='ltr' id='par_1_4' title="bbox 1045 2888 3141 2964">
     <span class='ocr_line' id='line_1_25' title="bbox 1045 2888 3141 2964; baseline 0.001 -21"><span class='ocrx_word' id='word_1_213' title='bbox 1045 2888 1120 2943; x_wconf 87' lang='lat'>50</span> <span class='ocrx_word' id='word_1_214' title='bbox 1139 2906 1237 2946; x_wconf 89' lang='lat' dir='ltr'>cur</span> <span class='ocrx_word' id='word_1_215' title='bbox 1276 2889 1676 2948; x_wconf 85' lang='lat' dir='ltr'>incrementum</span> <span class='ocrx_word' id='word_1_216' title='bbox 1720 2890 1995 2962; x_wconf 74' lang='lat' dir='ltr'>requiris?</span> <span class='ocrx_word' id='word_1_217' title='bbox 2038 2889 2186 2964; x_wconf 92' lang='lat' dir='ltr'>quod</span> <span class='ocrx_word' id='word_1_218' title='bbox 2225 2890 2386 2963; x_wconf 88' lang='lat' dir='ltr'>peius</span> <span class='ocrx_word' id='word_1_219' title='bbox 2429 2892 2532 2959; x_wconf 76' lang='lat' dir='ltr'>est,</span> <span class='ocrx_word' id='word_1_220' title='bbox 2574 2889 2679 2946; x_wconf 89' lang='lat' dir='ltr'>hoc</span> <span class='ocrx_word' id='word_1_221' title='bbox 2722 2889 2933 2947; x_wconf 77' lang='lat' dir='ltr'>uitium</span> <span class='ocrx_word' id='word_1_222' title='bbox 2984 2889 3141 2963; x_wconf 91' lang='lat' dir='ltr'>pluri·</span> 
     </span>
    </p>
   </div>
   <div class='ocr_carea' id='block_1_3' title="bbox 1297 3056 1882 3129">
    <p class='ocr_par' dir='ltr' id='par_1_5' title="bbox 1297 3056 1882 3129">
     <span class='ocr_line' id='line_1_26' title="bbox 1297 3056 1882 3129; baseline 0 -8"><span class='ocrx_word' id='word_1_223' title='bbox 1297 3073 1319 3121; x_wconf 94' lang='lat'>1</span> <span class='ocrx_word' id='word_1_224' title='bbox 1356 3072 1499 3122; x_wconf 80' lang='lat' dir='ltr'>Dent.</span> <span class='ocrx_word' id='word_1_225' title='bbox 1532 3073 1609 3129; x_wconf 85' lang='lat'>23,</span> <span class='ocrx_word' id='word_1_226' title='bbox 1647 3056 1703 3121; x_wconf 81' lang='lat'>19</span> <span class='ocrx_word' id='word_1_227' title='bbox 1739 3076 1789 3121; x_wconf 76' lang='lat' dir='ltr'>et</span> <span class='ocrx_word' id='word_1_228' title='bbox 1818 3073 1882 3121; x_wconf 78' lang='lat'>20</span> 
     </span>
    </p>
   </div>
   <div class='ocr_carea' id='block_1_4' title="bbox 1134 3180 3140 3634">
    <p class='ocr_par' dir='ltr' id='par_1_6' title="bbox 1134 3180 3140 3634">
     <span class='ocr_line' id='line_1_27' title="bbox 1204 3180 3135 3245; baseline 0 -16"><span class='ocrx_word' id='word_1_229' title='bbox 1204 3184 1225 3230; x_wconf 94' lang='grc'>1</span> <span class='ocrx_word' id='word_1_230' title='bbox 1262 3182 1410 3244; x_wconf 75' lang='lat' dir='ltr'>exigis</span> <span class='ocrx_word' id='word_1_231' title='bbox 1443 3181 1539 3230; x_wconf 89' lang='grc' dir='ltr'>ΡΒ</span> <span class='ocrx_word' id='word_1_232' title='bbox 1570 3187 1614 3230; x_wconf 78' lang='lat' dir='ltr'>et</span> <span class='ocrx_word' id='word_1_233' title='bbox 1648 3186 1743 3240; x_wconf 86' lang='lat' dir='ltr'>(-es</span> <span class='ocrx_word' id='word_1_234' title='bbox 1776 3184 1919 3242; x_wconf 84' lang='lat' dir='ltr'>corr.)</span> <span class='ocrx_word' id='word_1_235' title='bbox 1962 3183 2005 3229; x_wconf 90' lang='lat' dir='ltr'><strong><em>T</em></strong></span> <span class='ocrx_word' id='word_1_236' title='bbox 2080 3183 2110 3230; x_wconf 81' lang='lat'><strong>2</strong></span> <span class='ocrx_word' id='word_1_237' title='bbox 2143 3182 2371 3244; x_wconf 83' lang='lat' dir='ltr'>pecuniae</span> <span class='ocrx_word' id='word_1_238' title='bbox 2406 3195 2593 3229; x_wconf 85' lang='lat' dir='ltr'>usuram</span> <span class='ocrx_word' id='word_1_239' title='bbox 2629 3184 2681 3228; x_wconf 80' lang='lat' dir='ltr'>et</span> <span class='ocrx_word' id='word_1_240' title='bbox 2711 3180 2760 3228; x_wconf 87' lang='grc' dir='ltr'><strong><em>Β</em></strong></span> <span class='ocrx_word' id='word_1_241' title='bbox 2835 3181 2865 3229; x_wconf 81' lang='grc'><strong>3</strong></span> <span class='ocrx_word' id='word_1_242' title='bbox 2900 3194 3135 3245; x_wconf 73' lang='lat' dir='ltr'>quascum-</span> 
     </span>
     <span class='ocr_line' id='line_1_28' title="bbox 1137 3258 3137 3322; baseline 0 -15"><span class='ocrx_word' id='word_1_243' title='bbox 1137 3274 1227 3320; x_wconf 87' lang='lat' dir='ltr'>que</span> <span class='ocrx_word' id='word_1_244' title='bbox 1270 3258 1314 3306; x_wconf 91' lang='lat' dir='ltr'><strong><em>V</em></strong></span> <span class='ocrx_word' id='word_1_245' title='bbox 1343 3274 1669 3322; x_wconf 78' lang='lat' dir='ltr'>quaecumque</span> <span class='ocrx_word' id='word_1_246' title='bbox 1709 3265 1810 3316; x_wconf 77' lang='lat' dir='ltr'>cet..</span> <span class='ocrx_word' id='word_1_247' title='bbox 1851 3260 1915 3320; x_wconf 83' lang='lat' dir='ltr'>cs.</span> <span class='ocrx_word' id='word_1_248' title='bbox 1954 3275 2003 3307; x_wconf 73' lang='lat' dir='ltr'>u.</span> <span class='ocrx_word' id='word_1_249' title='bbox 2036 3263 2101 3308; x_wconf 84' lang='lat'>15</span> <span class='ocrx_word' id='word_1_250' title='bbox 2289 3261 2319 3307; x_wconf 84' lang='lat'>4</span> <span class='ocrx_word' id='word_1_251' title='bbox 2370 3260 2412 3307; x_wconf 81' lang='lat' dir='ltr'>si</span> <span class='ocrx_word' id='word_1_252' title='bbox 2446 3259 2731 3321; x_wconf 81' lang='lat' dir='ltr'>alieniginae</span> <span class='ocrx_word' id='word_1_253' title='bbox 2765 3259 2824 3307; x_wconf 70' lang='lat' dir='ltr'>in</span> <span class='ocrx_word' id='word_1_254' title='bbox 2853 3274 2959 3309; x_wconf 73' lang='lat' dir='ltr'>ras.</span> <span class='ocrx_word' id='word_1_255' title='bbox 2992 3264 3072 3309; x_wconf 56' lang='lat' dir='ltr'>ni</span> <span class='ocrx_word' id='word_1_256' title='bbox 3099 3260 3137 3307; x_wconf 80' lang='lat'>1¹</span> 
     </span>
     <span class='ocr_line' id='line_1_29' title="bbox 1199 3335 3140 3400; baseline 0 -16"><span class='ocrx_word' id='word_1_257' title='bbox 1199 3337 1453 3385; x_wconf 83' lang='lat' dir='ltr'>credediris</span> <span class='ocrx_word' id='word_1_258' title='bbox 1492 3337 1540 3384; x_wconf 86' lang='lat' dir='ltr'><em>P</em></span> <span class='ocrx_word' id='word_1_259' title='bbox 1697 3340 1726 3388; x_wconf 86' lang='lat'><strong>5</strong></span> <span class='ocrx_word' id='word_1_260' title='bbox 1770 3338 1881 3397; x_wconf 71' lang='lat' dir='ltr'>(bia)</span> <span class='ocrx_word' id='word_1_261' title='bbox 1924 3337 2073 3400; x_wconf 84' lang='lat' dir='ltr'>exigis</span> <span class='ocrx_word' id='word_1_262' title='bbox 2114 3337 2203 3386; x_wconf 87' lang='grc' dir='ltr'>ΡΒ</span> <span class='ocrx_word' id='word_1_263' title='bbox 2244 3343 2290 3385; x_wconf 78' lang='lat' dir='ltr'>et</span> <span class='ocrx_word' id='word_1_264' title='bbox 2323 3342 2417 3396; x_wconf 83' lang='lat' dir='ltr'>(-es</span> <span class='ocrx_word' id='word_1_265' title='bbox 2450 3337 2590 3400; x_wconf 81' lang='lat' dir='ltr'>corr.)</span> <span class='ocrx_word' id='word_1_266' title='bbox 2630 3335 2673 3384; x_wconf 83' lang='lat' dir='ltr'><strong><em>T</em></strong></span> <span class='ocrx_word' id='word_1_267' title='bbox 2859 3340 2951 3387; x_wconf 80' lang='lat' dir='ltr'>tuo</span> <span class='ocrx_word' id='word_1_268' title='bbox 2983 3352 3056 3387; x_wconf 69' lang='lat' dir='ltr'>o·</span> <span class='ocrx_word' id='word_1_269' title='bbox 3103 3335 3140 3384; x_wconf 84' lang='lat' dir='ltr'><em>T</em></span> 
     </span>
     <span class='ocr_line' id='line_1_30' title="bbox 1199 3413 3137 3480; baseline 0.001 -18"><span class='ocrx_word' id='word_1_270' title='bbox 1199 3415 1333 3463; x_wconf 86' lang='lat' dir='ltr'>uides</span> <span class='ocrx_word' id='word_1_271' title='bbox 1368 3418 1527 3463; x_wconf 80' lang='lat' dir='ltr'>autem</span> <span class='ocrx_word' id='word_1_272' title='bbox 1562 3419 1790 3478; x_wconf 80' lang='lat' dir='ltr'>quantum</span> <span class='ocrx_word' id='word_1_273' title='bbox 1823 3416 1871 3463; x_wconf 93' lang='grc' dir='ltr'><strong><em>Β</em></strong></span> <span class='ocrx_word' id='word_1_274' title='bbox 2026 3417 2057 3464; x_wconf 87' lang='grc'><strong>6</strong></span> <span class='ocrx_word' id='word_1_275' title='bbox 2090 3416 2156 3464; x_wconf 79' lang='lat' dir='ltr'>sit</span> <span class='ocrx_word' id='word_1_276' title='bbox 2186 3416 2236 3463; x_wconf 91' lang='lat' dir='ltr'>in</span> <span class='ocrx_word' id='word_1_277' title='bbox 2271 3415 2429 3464; x_wconf 83' lang='lat' dir='ltr'>uerbis</span> <span class='ocrx_word' id='word_1_278' title='bbox 2462 3413 2523 3462; x_wconf 70' lang='grc' dir='ltr'><strong><em>Ρ</em></strong></span> <span class='ocrx_word' id='word_1_279' title='bbox 2688 3415 2851 3478; x_wconf 75' lang='lat' dir='ltr'>inquit</span> <span class='ocrx_word' id='word_1_280' title='bbox 2885 3416 3070 3480; x_wconf 79' lang='lat' dir='ltr'>exigere</span> <span class='ocrx_word' id='word_1_281' title='bbox 3096 3415 3137 3463; x_wconf 91' lang='lat' dir='ltr'><em>B</em></span> 
     </span>
     <span class='ocr_line' id='line_1_31' title="bbox 1134 3492 3135 3556; baseline -0 -14"><span class='ocrx_word' id='word_1_282' title='bbox 1134 3494 1164 3542; x_wconf 89' lang='grc'>8</span> <span class='ocrx_word' id='word_1_283' title='bbox 1199 3494 1357 3554; x_wconf 86' lang='lat' dir='ltr'>exiges</span> <span class='ocrx_word' id='word_1_284' title='bbox 1400 3493 1446 3539; x_wconf 98' lang='lat' dir='ltr'><strong><em>V</em></strong></span> <span class='ocrx_word' id='word_1_285' title='bbox 1568 3495 1597 3542; x_wconf 88' lang='grc'><strong>9</strong></span> <span class='ocrx_word' id='word_1_286' title='bbox 1632 3509 1828 3556; x_wconf 85' lang='lat' dir='ltr'>exegere</span> <span class='ocrx_word' id='word_1_287' title='bbox 1860 3494 1908 3541; x_wconf 89' lang='lat' dir='ltr'><strong><em>P</em></strong></span> <span class='ocrx_word' id='word_1_288' title='bbox 2035 3493 2095 3543; x_wconf 88' lang='grc'>10</span> <span class='ocrx_word' id='word_1_289' title='bbox 2129 3493 2317 3542; x_wconf 84' lang='lat' dir='ltr'>dederis</span> <span class='ocrx_word' id='word_1_290' title='bbox 2350 3492 2429 3556; x_wconf 87' lang='lat' dir='ltr'>(de</span> <span class='ocrx_word' id='word_1_291' title='bbox 2451 3508 2532 3555; x_wconf 76' lang='lat' dir='ltr'>pr.</span> <span class='ocrx_word' id='word_1_292' title='bbox 2566 3508 2603 3543; x_wconf 75' lang='grc' dir='ltr'>ε.</span> <span class='ocrx_word' id='word_1_293' title='bbox 2636 3508 2685 3540; x_wconf 78' lang='lat' dir='ltr'>u.</span> <span class='ocrx_word' id='word_1_294' title='bbox 2718 3494 2823 3551; x_wconf 62' lang='grc' dir='ltr'>ΜΒ)</span> <span class='ocrx_word' id='word_1_295' title='bbox 2867 3493 2912 3541; x_wconf 84' lang='lat' dir='ltr'><strong><em>V</em></strong></span> <span class='ocrx_word' id='word_1_296' title='bbox 3045 3508 3135 3543; x_wconf 81' lang='lat' dir='ltr'>cum</span> 
     </span>
     <span class='ocr_line' id='line_1_32' title="bbox 1135 3571 3135 3634; baseline -0.001 -14"><span class='ocrx_word' id='word_1_297' title='bbox 1135 3587 1224 3620; x_wconf 86' lang='lat' dir='ltr'>om.</span> <span class='ocrx_word' id='word_1_298' title='bbox 1260 3573 1308 3619; x_wconf 89' lang='grc' dir='ltr'><strong><em>Β</em></strong></span> <span class='ocrx_word' id='word_1_299' title='bbox 1436 3573 1595 3620; x_wconf 83' lang='lat' dir='ltr'>soluat</span> <span class='ocrx_word' id='word_1_300' title='bbox 1631 3572 1671 3619; x_wconf 84' lang='lat' dir='ltr'><strong><em>G</em></strong></span> <span class='ocrx_word' id='word_1_301' title='bbox 1765 3573 1817 3620; x_wconf 92' lang='grc'>11</span> <span class='ocrx_word' id='word_1_302' title='bbox 1858 3574 2112 3634; x_wconf 81' lang='lat' dir='ltr'>praecepta</span> <span class='ocrx_word' id='word_1_303' title='bbox 2142 3572 2266 3633; x_wconf 84' lang='lat' dir='ltr'>legis</span> <span class='ocrx_word' id='word_1_304' title='bbox 2300 3571 2592 3633; x_wconf 81' lang='lat' dir='ltr'>refugientes</span> <span class='ocrx_word' id='word_1_305' title='bbox 2622 3571 2673 3619; x_wconf 96' lang='grc' dir='ltr'><strong><em>Β</em></strong></span> <span class='ocrx_word' id='word_1_306' title='bbox 2771 3572 2831 3621; x_wconf 85' lang='grc'>13</span> <span class='ocrx_word' id='word_1_307' title='bbox 2863 3573 3135 3623; x_wconf 76' lang='lat' dir='ltr'>mercidibus</span> 
     </span>
    </p>
   </div>
   <div class='ocr_carea' id='block_1_5' title="bbox 1138 3649 3140 3823">
    <p class='ocr_par' dir='ltr' id='par_1_7' title="bbox 1138 3649 3140 3823">
     <span class='ocr_line' id='line_1_33' title="bbox 1138 3649 3140 3727; baseline 0 -31"><span class='ocrx_word' id='word_1_308' title='bbox 1138 3651 1205 3708; x_wconf 90' lang='lat' dir='ltr'>(di</span> <span class='ocrx_word' id='word_1_309' title='bbox 1241 3651 1328 3727; x_wconf 62' lang='lat' dir='ltr'>ciel.</span> <span class='ocrx_word' id='word_1_310' title='bbox 1365 3653 1458 3711; x_wconf 87' lang='lat' dir='ltr'>m1)</span> <span class='ocrx_word' id='word_1_311' title='bbox 1491 3653 1538 3698; x_wconf 89' lang='lat' dir='ltr'><strong><em>P</em></strong></span> <span class='ocrx_word' id='word_1_312' title='bbox 1659 3666 1851 3700; x_wconf 82' lang='lat' dir='ltr'>usuram</span> <span class='ocrx_word' id='word_1_313' title='bbox 1883 3652 1981 3699; x_wconf 87' lang='lat' dir='ltr'>BT</span> <span class='ocrx_word' id='word_1_314' title='bbox 2099 3652 2157 3700; x_wconf 76' lang='lat'>14</span> <span class='ocrx_word' id='word_1_315' title='bbox 2191 3656 2242 3699; x_wconf 75' lang='lat' dir='ltr'>et</span> <span class='ocrx_word' id='word_1_316' title='bbox 2272 3650 2380 3698; x_wconf 87' lang='lat' dir='ltr'>ideo</span> <span class='ocrx_word' id='word_1_317' title='bbox 2415 3650 2526 3698; x_wconf 78' lang='grc' dir='ltr'>ΒΡ</span> <span class='ocrx_word' id='word_1_318' title='bbox 2561 3665 2616 3698; x_wconf 87' lang='lat' dir='ltr'>eo</span> <span class='ocrx_word' id='word_1_319' title='bbox 2655 3649 2697 3698; x_wconf 79' lang='lat' dir='ltr'><em>C</em></span> <span class='ocrx_word' id='word_1_320' title='bbox 2821 3651 3028 3702; x_wconf 77' lang='lat' dir='ltr'>audiunt</span> <span class='ocrx_word' id='word_1_321' title='bbox 3056 3649 3140 3700; x_wconf 74' lang='lat' dir='ltr'>Pr</span> 
     </span>
     <span class='ocr_line' id='line_1_34' title="bbox 1198 3717 3137 3823; baseline 0.002 -16"><span class='ocrx_word' id='word_1_322' title='bbox 1198 3717 1409 3809; x_wconf 57' lang='lat' dir='ltr'>escsarum</span> <span class='ocrx_word' id='word_1_323' title='bbox 1444 3724 1601 3821; x_wconf 52' lang='lat' dir='ltr'>isnquit</span> <span class='ocrx_word' id='word_1_324' title='bbox 1643 3761 1689 3808; x_wconf 87' lang='lat' dir='ltr'><strong><em>V</em></strong></span> <span class='ocrx_word' id='word_1_325' title='bbox 1780 3764 1838 3811; x_wconf 88' lang='grc'>16</span> <span class='ocrx_word' id='word_1_326' title='bbox 1874 3761 2223 3809; x_wconf 75' lang='lat' dir='ltr'>circumlocutio</span> <span class='ocrx_word' id='word_1_327' title='bbox 2248 3762 2297 3808; x_wconf 90' lang='lat' dir='ltr'><strong><em>B</em></strong></span> <span class='ocrx_word' id='word_1_328' title='bbox 2395 3761 2450 3809; x_wconf 84' lang='lat'>17</span> <span class='ocrx_word' id='word_1_329' title='bbox 2486 3760 2701 3808; x_wconf 85' lang='lat' dir='ltr'>costodia</span> <span class='ocrx_word' id='word_1_330' title='bbox 2724 3760 2775 3807; x_wconf 90' lang='lat' dir='ltr'><strong><em>P</em></strong></span> <span class='ocrx_word' id='word_1_331' title='bbox 2804 3762 2933 3821; x_wconf 72' lang='lat' dir='ltr'>(fere</span> <span class='ocrx_word' id='word_1_332' title='bbox 2959 3769 3137 3823; x_wconf 62' lang='lat' dir='ltr'>semper)</span> 
     </span>
    </p>
   </div>
   <div class='ocr_carea' id='block_1_6' title="bbox 1133 3838 3138 4059">
    <p class='ocr_par' dir='ltr' id='par_1_8' title="bbox 1133 3838 3138 4059">
     <span class='ocr_line' id='line_1_35' title="bbox 1197 3838 3136 3901; baseline 0.002 -16"><span class='ocrx_word' id='word_1_333' title='bbox 1197 3838 1373 3900; x_wconf 76' lang='lat' dir='ltr'>facere]</span> <span class='ocrx_word' id='word_1_334' title='bbox 1411 3841 1572 3887; x_wconf 85' lang='lat' dir='ltr'>uiuere</span> <span class='ocrx_word' id='word_1_335' title='bbox 1606 3841 1653 3887; x_wconf 90' lang='lat' dir='ltr'><em>B</em></span> <span class='ocrx_word' id='word_1_336' title='bbox 1821 3855 1849 3887; x_wconf 84' lang='lat' dir='ltr'>a</span> <span class='ocrx_word' id='word_1_337' title='bbox 1881 3855 1970 3888; x_wconf 84' lang='lat' dir='ltr'>om.</span> <span class='ocrx_word' id='word_1_338' title='bbox 2005 3840 2105 3887; x_wconf 86' lang='lat' dir='ltr'>BT</span> <span class='ocrx_word' id='word_1_339' title='bbox 2257 3841 2561 3901; x_wconf 77' lang='lat' dir='ltr'>negotiatore</span> <span class='ocrx_word' id='word_1_340' title='bbox 2596 3844 2665 3897; x_wconf 90' lang='lat' dir='ltr'>(re</span> <span class='ocrx_word' id='word_1_341' title='bbox 2695 3852 2736 3887; x_wconf 72' lang='lat' dir='ltr'>s.</span> <span class='ocrx_word' id='word_1_342' title='bbox 2770 3854 2821 3888; x_wconf 70' lang='lat' dir='ltr'>u.</span> <span class='ocrx_word' id='word_1_343' title='bbox 2855 3844 2961 3899; x_wconf 59' lang='lat' dir='ltr'>nm)</span> <span class='ocrx_word' id='word_1_344' title='bbox 3001 3842 3043 3888; x_wconf 90' lang='lat' dir='ltr'><strong><em>V</em></strong></span> <span class='ocrx_word' id='word_1_345' title='bbox 3070 3854 3136 3888; x_wconf 78' lang='lat' dir='ltr'>ne·</span> 
     </span>
     <span class='ocr_line' id='line_1_36' title="bbox 1133 3916 3138 3982; baseline 0.001 -18"><span class='ocrx_word' id='word_1_346' title='bbox 1133 3917 1398 3979; x_wconf 78' lang='lat' dir='ltr'>gotiatores</span> <span class='ocrx_word' id='word_1_347' title='bbox 1432 3916 1533 3965; x_wconf 87' lang='lat' dir='ltr'>BT</span> <span class='ocrx_word' id='word_1_348' title='bbox 1649 3918 1707 3966; x_wconf 90' lang='grc'>18</span> <span class='ocrx_word' id='word_1_349' title='bbox 1739 3922 1955 3965; x_wconf 85' lang='lat' dir='ltr'>mutuum</span> <span class='ocrx_word' id='word_1_350' title='bbox 1987 3917 2101 3965; x_wconf 84' lang='lat' dir='ltr'>DP‘</span> <span class='ocrx_word' id='word_1_351' title='bbox 2133 3920 2291 3965; x_wconf 83' lang='lat' dir='ltr'>mutus</span> <span class='ocrx_word' id='word_1_352' title='bbox 2325 3917 2471 3965; x_wconf 85' lang='lat' dir='ltr'>PBT</span> <span class='ocrx_word' id='word_1_353' title='bbox 2497 3931 2671 3965; x_wconf 87' lang='lat' dir='ltr'>munus</span> <span class='ocrx_word' id='word_1_354' title='bbox 2713 3916 2805 3965; x_wconf 81' lang='lat' dir='ltr'>VC</span> <span class='ocrx_word' id='word_1_355' title='bbox 2935 3921 2998 3970; x_wconf 78' lang='lat'>20</span> <span class='ocrx_word' id='word_1_356' title='bbox 3028 3919 3138 3982; x_wconf 85' lang='lat' dir='ltr'>prin·</span> 
     </span>
     <span class='ocr_line' id='line_1_37' title="bbox 1134 3994 2864 4059; baseline 0 -16"><span class='ocrx_word' id='word_1_357' title='bbox 1134 4010 1245 4059; x_wconf 84' lang='lat' dir='ltr'>ceps</span> <span class='ocrx_word' id='word_1_358' title='bbox 1279 3996 1327 4043; x_wconf 91' lang='lat' dir='ltr'><em>B</em></span> <span class='ocrx_word' id='word_1_359' title='bbox 1422 3997 1479 4043; x_wconf 83' lang='lat'>21</span> <span class='ocrx_word' id='word_1_360' title='bbox 1517 3996 1703 4044; x_wconf 86' lang='lat' dir='ltr'>accedit</span> <span class='ocrx_word' id='word_1_361' title='bbox 1734 3997 1853 4044; x_wconf 74' lang='lat' dir='ltr'>sorti</span> <span class='ocrx_word' id='word_1_362' title='bbox 1888 3998 1931 4043; x_wconf 85' lang='lat' dir='ltr'><em>R</em></span> <span class='ocrx_word' id='word_1_363' title='bbox 1965 4000 2092 4044; x_wconf 85' lang='lat' dir='ltr'>sorte</span> <span class='ocrx_word' id='word_1_364' title='bbox 2127 3996 2248 4053; x_wconf 79' lang='lat' dir='ltr'>(sore</span> <span class='ocrx_word' id='word_1_365' title='bbox 2281 3997 2362 4057; x_wconf 81' lang='lat' dir='ltr'>P‘)</span> <span class='ocrx_word' id='word_1_366' title='bbox 2394 3994 2624 4043; x_wconf 78' lang='lat' dir='ltr'>acciderit</span> <span class='ocrx_word' id='word_1_367' title='bbox 2653 3995 2772 4044; x_wconf 67' lang='lat' dir='ltr'>DP‘</span> <span class='ocrx_word' id='word_1_368' title='bbox 2861 4015 2864 4017; x_wconf 52' lang='grc'>“</span> 
     </span>
    </p>
   </div>
  </div>
 </body>
</html>
