4242 4694
1141 542 1254 598 550
1973 541 2315 590 Ambrosii

1140 709 1306 785 longo
1356 713 1413 768 et
1460 714 1524 768 ut
1571 710 1689 787 iugi
1738 711 1856 771 loro
1910 713 2160 772 uitulae?
2209 713 2358 788 quod
2406 714 2471 772 fit
2519 713 2732 788 utique,
2784 731 2919 772 cum
2959 714 3143 772 faenus

1139 804 1468 876 producitis,
1531 806 1733 864 tenetis
1797 823 2092 879 pauperem
2154 807 2487 867 debitorem:
2544 808 2638 867 uel
2692 810 2774 867 ibi
2832 809 2913 867 sit
2969 810 3144 882 aliqua

1141 899 1337 973 gratia,
1377 899 1474 957 ubi
1522 899 1679 958 nulla
1725 917 1854 975 spes
1904 901 2200 962 commodi.
2258 905 2342 961 et·
2370 903 2478 961 hoc
2534 902 2846 962 secundum
2907 907 3141 963 uestram

1141 992 1434 1051 auaritiam
1470 993 1687 1067 loquor.

907 1091 1005 1163 le,
1039 1094 1116 1150 54
1220 1083 1481 1146 Ceterum
1514 1088 1803 1147 dominus
1867 1089 1924 1146 in
1989 1089 2282 1165 euangelio
2345 1090 2556 1149 talibus
2619 1091 2805 1166 magis
2871 1091 3145 1148 existimat
3181 1110 3199 1146 ε

1141 1179 1554 1252 faenerandum,
1595 1199 1628 1240 a
1668 1183 1871 1257 quibus
1911 1184 2209 1243 redhibitio
2250 1202 2359 1243 non
2401 1188 2673 1259 speretur.
2714 1186 2800 1243 sic
2848 1186 3005 1243 enim
3051 1186 3143 1243 ait:

1142 1273 1285 1331 etsi
1329 1278 1653 1333 mutuum
1694 1276 2048 1335 dederitis
2082 1294 2115 1335 a
2146 1277 2410 1351 quibus
2454 1278 2774 1352 speratis
2807 1280 3143 1353 recipere,

1142 1385 1320 1442 quae
1361 1369 1568 1429 uobis
1610 1374 1721 1428 est
1761 1371 2036 1447 gratia?
2077 1389 2226 1429 nam
2281 1376 2704 1446 peccator-es
2759 1373 3143 1448 peccatori·

1142 1468 1269 1525 bus
1325 1465 1713 1534 faenerant,
1763 1468 1840 1523 ut
1893 1465 2271 1540 recipiant.
2329 1483 2573 1525 uerum
2632 1470 2869 1525 tamen
2932 1472 3144 1526 amate

1143 1561 1483 1620 inimicos
1547 1562 1834 1619 uestros
1894 1564 1963 1619 et
2015 1559 2428 1620 benefacite
2483 1564 2555 1619 et
2607 1565 2937 1620 mutuum
2994 1563 3204 1620 datexo

1144 1655 1329 1714 nihil
1388 1658 1788 1728 sperantes,
1854 1658 1919 1712 et
1983 1655 2122 1713 erit
2174 1671 2440 1713 merces
2496 1658 2749 1714 uestra
2803 1657 3037 1715 multa
3084 1656 3143 1712 in

1146 1751 1350 1808 caelo
1395 1752 1464 1808 et
1503 1749 1716 1807 eritis
1757 1748 1912 1807 filii
1953 1750 2321 1820 altissimi,
2362 1751 2532 1824 quia
2582 1751 2745 1824 ipse
2796 1751 3144 1826 benignus

1146 1860 1364 1917 super
1394 1844 1723 1919 ingratos
1758 1846 1823 1900 et
1853 1843 2096 1903 malos.
2130 1846 2368 1902 estote
2399 1843 2936 1916 misericordes,
2969 1846 3147 1903 sicut

1145 1940 1215 1996 et
1252 1941 1457 2011 pater
1495 1940 1743 1996 uester
1783 1937 2196 1996 misericors
2240 1940 2367 1998 est.
2427 1938 2723 1997 aduertitis
2763 1939 2922 2012 quod
2960 1956 3148 1998 nomen

1146 2048 1179 2089 a
1218 2030 1441 2090 domino
1482 2031 1792 2089 faenerator
1830 2031 2122 2105 acceperit,
2165 2031 2314 2105 quod
2354 2048 2555 2090 nomen
2599 2033 2769 2090 etiam
2809 2034 2913 2106 qui
2951 2033 3149 2092 faenori
3173 2049 3205 2085 u

1147 2129 1335 2185 uestro
1378 2125 1548 2185 fuerit
1595 2125 1896 2202 obligatus.
1952 2130 2371 2201 peccatores
2416 2126 2601 2201 inquit
2647 2127 3147 2206 peccatoribus

1145 2219 1527 2289 faenerant,
1571 2222 1649 2278 ut
1687 2221 2059 2296 recipiant.
2101 2226 2337 2295 uterque
2374 2224 2716 2296 peccatores,
2757 2224 2820 2279 et
2850 2222 3150 2281 faenerator

1146 2317 1204 2373 et
1252 2315 1484 2375 debitor.
1536 2332 1640 2373 uos
1695 2319 1882 2373 autem
1940 2319 2163 2374 amate
2219 2316 2405 2390 inquit
2457 2316 2791 2374 inimicos
2852 2319 3146 2375 uestros.

1146 2425 1252 2467 non
1304 2408 1624 2468 discutiatis
1674 2409 1807 2483 quid
1855 2413 2170 2468 mereantur
2214 2410 2444 2479 inimici,
2494 2410 2593 2468 sed
2640 2409 2776 2484 quid
2826 2426 2936 2468 uos
2982 2410 3148 2468 facere

1148 2505 1419 2577 oporteat.
1478 2503 1605 2561 date
1652 2507 1915 2561 mutuum
1963 2503 2051 2561 his
2093 2521 2127 2561 a
2166 2503 2370 2577 quibus
2418 2517 2526 2561 non
2576 2503 2815 2577 speratis
2864 2520 2973 2562 uos
3013 2501 3146 2577 quod
3168 2516 3201 2551 ε·

1148 2597 1341 2654 datum
1380 2596 1551 2655 fuerit
1589 2600 1932 2670 recepturos:
1968 2597 2188 2655 nullum
2228 2597 2321 2656 hic
2353 2597 2615 2655 damnum
2648 2599 2753 2666 est,
2788 2596 2895 2655 sed
2923 2613 3144 2672 conpen-

1149 2691 1322 2749 dium.
1363 2691 1656 2749 minimum
1699 2690 1864 2760 datis,
1905 2691 2149 2749 multum
2185 2690 2490 2765 recipietis.
2531 2690 2590 2749 in
2626 2693 2774 2748 terra
2816 2690 2967 2749 datis
3008 2693 3065 2747 et
3095 2689 3143 2746 id

1148 2786 1312 2843 uobis
1356 2786 1611 2843 soluetur
1647 2785 1705 2842 in
1748 2785 1929 2844 caelo:
1986 2786 2181 2843 faenus
2223 2785 2503 2854 amittitis,
2544 2783 2862 2842 mercedem
2902 2800 3142 2860 magnam

1149 2880 1453 2938 habebitis:
1518 2879 1887 2938 faeneratores
1952 2897 2076 2938 esse
2143 2879 2417 2947 desinitis,
2480 2878 2584 2937 filii
2646 2877 2804 2937 eritis
2870 2877 3135 2938 altissimi:
3190 2880 3224 2929 61

1149 2973 1303 3032 eritis
1343 2973 1748 3044 misericordes,
1791 2973 1886 3047 qui
1925 2991 2030 3032 uos
2072 2972 2278 3033 aeterni
2317 2971 2506 3050 patris·
2531 2971 2779 3046 probetis
2822 2973 3069 3031 heredes.
3160 2983 3192 3019 θ

1306 3208 1333 3254 7
1366 3204 1479 3253 Luc.
1511 3205 1556 3257 6.
1589 3204 1777 3253 34—36
1873 3202 1934 3250 20
1966 3200 2076 3250 Bas.
2109 3201 2201 3248 277
2235 3199 2274 3249 C
2308 3200 2420 3259 (112
2453 3200 2512 3259 Ε)

1215 3333 1238 3380 1
1276 3335 1326 3379 et
1356 3333 1413 3378 nt
1441 3329 1588 3378 PVC
1615 3334 1666 3378 et
1697 3335 1780 3377 cet.
1907 3327 2007 3376 lero
2041 3330 2090 3384 (o
2121 3340 2159 3375 e.
2193 3329 2238 3384 e)
2282 3326 2328 3373 V
2354 3325 2475 3374 lorio
2514 3324 2560 3373 T
2712 3325 2741 3373 2
2776 3325 2918 3374 uelut
2947 3326 3016 3374 ibi
3044 3322 3136 3373 ΒΡ

1150 3410 1229 3459 uel
1271 3395 1372 3457 ubi⁴
1400 3408 1445 3456 T
1539 3409 1567 3456 3
1602 3407 1849 3456 auaritiam
1882 3409 2091 3454 uestram
2122 3403 2284 3453 BDP‘
2379 3404 2410 3452 4
2443 3402 2691 3451 auaritiam
2728 3403 2790 3462 (ti
2820 3418 2859 3451 s.
2893 3420 2948 3452 a.
2979 3407 3074 3462 με)
3107 3399 3143 3446 ν

1152 3490 1180 3537 7
1204 3490 1405 3536 mituum
1432 3487 1482 3535 P
1508 3489 1752 3543 mustuum
1785 3486 1830 3533 V
1905 3485 1935 3532 8
1968 3497 2172 3544 namque
2214 3481 2258 3528 V
2342 3484 2370 3530 9
2403 3480 2678 3529 fenerantur
2708 3480 2824 3529 DP·
2928 3483 2987 3531 10
3016 3482 3139 3529 bene·

1150 3567 1294 3616 facite
1339 3566 1407 3615 eis
1449 3566 1562 3614 DP'
1603 3569 1647 3613 et
1688 3565 1776 3624 (eis
1818 3567 1868 3611 et
1906 3547 2122 3610 mutuum
2161 3560 2218 3608 in
2255 3574 2354 3608 ras.
2395 3562 2493 3616 m3,
2535 3558 2702 3607 eadem
2740 3559 2800 3606 in
2838 3575 2932 3622 ¹⁸⁸9-
2975 3564 3071 3617 οὐ)
3111 3558 3145 3607 1·

1153 3646 1208 3694 11
1243 3645 1412 3693 nihilm
1448 3648 1513 3702 (m
1548 3643 1659 3700 del.)
1692 3641 1742 3688 P
1864 3640 2034 3687 mercis
2066 3639 2115 3686 P
2236 3637 2389 3686 multa
2417 3653 2457 3686 s.
2490 3653 2537 3685 u.
2566 3637 2617 3685 D
2714 3637 2775 3685 13
2810 3640 2971 3686 estote
3004 3645 3048 3699 (e
3070 3638 3141 3686 alt.

1149 3736 1187 3774 o.
1220 3724 1289 3787 u.)
1331 3724 1375 3771 V
1452 3725 1508 3771 15
1541 3720 1768 3783 acciperit
1790 3720 1840 3767 P
1917 3720 1975 3769 16
2009 3718 2252 3781 obligatus
2284 3716 2431 3765 fuerit
2454 3717 2550 3764 BT
2628 3717 2685 3763 17
2718 3719 3004 3778 peccatores
3024 3716 3147 3795 PVG

1151 3837 1373 3897 peccator
1404 3836 1479 3880 est
1509 3832 1556 3879 B
1588 3837 1633 3879 et
1667 3833 1763 3889 (est
1792 3829 1847 3877 in
1878 3843 1978 3877 ras.
2010 3832 2114 3887 ¹2⁸3)
2153 3828 2198 3876 T
2234 3830 2457 3891 peccator
2487 3826 2604 3875 DP'
2725 3827 2787 3875 18
2812 3783 2976 3877 amate
3007 3799 3144 3877 uitem

1151 3912 1310 3973 inquit
1340 3926 1424 3973 per
1455 3910 1586 3959 inim.
1628 3908 1668 3956 Υ
1795 3907 1952 3968 inquit
1983 3909 2144 3955 amate
2176 3906 2226 3953 Β
2319 3906 2381 3954 20
2414 3903 2645 3967 sperastis
2684 3903 2733 3951 Τ
2825 3907 2891 3956 24
2924 3907 3144 3956 habebitis

1154 3990 1200 4037 P
1232 3994 1277 4048 (e
1310 4004 1367 4037 ex
1397 3990 1434 4048 i)
1477 3988 1522 4035 V
1553 3987 1621 4047 (bi
1653 4002 1691 4036 s.
1724 4002 1772 4034 u.
1807 3988 1907 4044 m2)
1983 3985 2067 4036 .25
2100 4000 2192 4048 qno
2236 3983 2325 4033 ΥΒ
2358 3981 2486 4044 quod
2520 3980 2571 4039 (d
2603 3983 2659 4029 in
2693 3988 2819 4044 ras.)
2863 3985 2912 4033 T
