4242 4694
1121 503 1237 560 202
1944 501 2293 550 Ambrosii

1120 672 1241 731 sine
1295 676 1563 746 tempore,
1620 672 1725 732 hoc
1780 672 1996 748 indiget
2048 676 2313 747 tempore.
2370 672 2608 747 ideoque
2661 672 2804 732 illud
2867 676 3127 750 tempore

1117 770 1339 841 praesto
1383 770 1486 836 est,
1528 768 1634 827 hoc
1672 768 1728 825 in
1771 768 1951 841 spatio
1991 768 2262 841 temporis
2302 767 2709 844 inuestigatur3
2756 768 2903 825 illud
2953 786 3124 844 supra

1019 858 1098 915 49
1117 878 1237 932 nos,
1286 858 1393 921 hoc
1440 879 1572 920 uero
1622 862 1691 920 ad
1737 879 1840 921 nos
1888 862 2139 921 refertur.
2190 861 2478 936 quaerenti
2524 861 2701 937 igitur
2738 863 2885 936 patri
2929 864 3121 923 cibum

1117 956 1277 1015 uerbi
1316 989 1392 999 -—
1433 973 1540 1014 non
1599 956 1745 1014 enim
1802 956 1856 1013 in
1917 956 2038 1015 solo
2094 972 2235 1031 pane
2284 956 2432 1014 uiuit
2478 957 2662 1027 homo,
2714 957 2811 1015 sed
2859 957 2917 1016 in
2970 960 3118 1019 omni

1116 1050 1289 1110 uerbo
1330 1050 1456 1119 dei3
1498 1052 1668 1110 talem
1713 1050 1904 1109 cibum
1945 1050 2245 1124 quaerebat
2282 1050 2458 1119 Isaac,
2498 1051 2670 1109 talem
2712 1051 2901 1110 cibum
2948 1054 3116 1113 esuri-
3158 1071 3180 1108 ε

1117 1144 1249 1203 ebat
1277 1145 1497 1214 Petrus,
1532 1144 1748 1219 quando
1783 1144 1930 1203 uidit
1961 1145 2224 1202 credituri
2255 1144 2484 1219 gentilis
2516 1145 2709 1219 populi
2740 1147 3015 1219 mysteria
3039 1178 3109 1191 —

1113 1239 1265 1297 Esau
1304 1243 1525 1312 praesto
1567 1256 1674 1298 non
1716 1239 1914 1296 habuit
1945 1239 2131 1297 cibum
2166 1239 2433 1312 spiritalis
2468 1242 2525 1296 et
2555 1239 2852 1298 uelocioris
2884 1239 3097 1316 ingenii.

1113 1335 1249 1392 dum
1297 1335 1394 1393 ille
1440 1337 1678 1392 uenatur
1733 1336 1791 1392 et
1844 1334 2059 1407 quaerit
2112 1338 2170 1392 et
2223 1334 2553 1407 praedurum
2611 1338 2778 1407 atque
2834 1337 3102 1409 agrestem
3178 1329 3216 1379 D

1113 1445 1426 1487 sermonem
1478 1445 1777 1503 suggerere
1819 1430 1991 1502 parat,
2041 1428 2332 1502 praeuenit
2367 1428 2542 1487 {acob
2584 1427 2750 1486 celeri
2788 1429 3109 1489 inuentione

1112 1526 1172 1581 et
1217 1522 1343 1581 miti
1393 1525 1453 1582 et
1496 1540 1667 1598 prope
1719 1522 2025 1582 domestica
2062 1523 2422 1596 responsione
2462 1540 2637 1582 suane
2678 1522 2915 1583 uerbum
2957 1524 3113 1584 mini·
3137 1540 3172 1577 ιο

1113 1622 1313 1686 strans,
1366 1633 1473 1689 quo
1523 1633 1653 1674 eum
1701 1616 1970 1674 mulceret
2018 1620 2075 1675 et
2122 1616 2442 1678 delectaret.
2492 1616 2638 1674 unde
2679 1616 2916 1677 miratus
2958 1621 3115 1693 pater

1113 1710 1227 1768 ait:
1286 1710 1453 1785 quid
1513 1713 1624 1767 est
1678 1710 1826 1779 hoc,
1885 1710 2072 1782 quod
2127 1712 2263 1769 tam
2323 1711 2468 1770 cito
2517 1711 2893 1778 innuisti,
2944 1713 3113 1773 fili?

1105 1805 1395 1878 respondit
1448 1803 1648 1862 Iacob:
1706 1803 1891 1877 quod
1945 1804 2260 1862 tradidit
2315 1805 2638 1864 dominus
2705 1806 2873 1864 deus
2939 1809 3114 1867 tuus

1106 1900 1176 1956 in
1208 1916 1263 1956 m
1280 1915 1451 1956 anus
1484 1914 1688 1956 meas.
1721 1897 1902 1971 prima
1926 1896 2172 1956 definitio
2197 1897 2252 1956 in
2278 1898 2709 1974 interrogatione
2732 1901 2836 1968 est,
2863 1901 3118 1961 secunda

1106 1993 1163 2050 in
1214 2009 1498 2066 responso.
1547 1991 1712 2065 plena
1757 1991 1934 2067 igitur
1981 1991 2167 2050 omnia
2211 1992 2526 2066 repperiens
2573 1997 2728 2068 pater
2765 2010 2908 2068 quae
2950 2000 3121 2057 erant
3146 1989 3217 2047 ιι]

1106 2086 1200 2146 uel
1229 2085 1440 2162 ingenii
1470 2085 1563 2144 uel
1597 2085 1916 2160 diligentiae
1950 2085 2287 2144 definitionis
2320 2088 2797 2146 consummatione
2828 2090 3122 2150 conclusit

1105 2182 1327 2240 dicens:
1361 2197 1521 2239 ecce
1556 2180 1726 2238 odor
1757 2180 1912 2238 filii
1943 2180 2080 2238 mei
2111 2184 2471 2254 tamquam
2503 2180 2672 2239 odor
2703 2181 3108 2258 agripleni,

1105 2292 1305 2349 quem
1353 2274 1725 2333 benedixit
1774 2274 2122 2333 dominus.
2174 2292 2307 2350 ager
2353 2276 2501 2333 enim
2550 2282 2606 2333 et
2645 2276 2899 2334 naturale
2938 2276 3107 2335 habet

1101 2370 1409 2428 fertilitatis
1448 2367 1735 2443 ingenium
1776 2372 1834 2426 et
1872 2369 2125 2427 culturae
2166 2368 2509 2444 diligentiam
2548 2371 2915 2442 temporalem
2942 2370 3101 2429 meri-

1101 2468 1272 2539 toque
1327 2465 1383 2522 in
1441 2480 1505 2523 eo
1565 2467 1652 2520 est
1704 2461 2013 2535 plenitudo,
2063 2463 2156 2521 cui
2206 2467 2501 2537 utrumque
2546 2480 2655 2521 non
2706 2463 2886 2523 deest.
2934 2464 3106 2524 simul
3132 2482 3181 2519 ao

1099 2576 1233 2617 cum
1259 2556 1564 2616 addiderit:
1593 2573 1792 2630 quem
1825 2556 2204 2617 benedixit
2230 2558 2578 2625 dominus,
2613 2557 2841 2616 uidetur
2871 2563 3100 2618 naturae

1098 2653 1338 2729 gratiam
1365 2651 1696 2727 praetulisse
1733 2651 1996 2711 cultionis
2030 2651 2225 2710 labori.
2261 2655 2317 2709 et
2341 2652 2692 2710 confirmauit
2712 2653 2863 2711 Esau
2882 2654 3102 2713 dicens:

1097 2748 1293 2805 iuste
1319 2748 1653 2804 uocatum
1679 2747 1792 2804 est
1814 2762 2063 2803 nomen
2089 2745 2300 2804 illius
2327 2746 2566 2813 Iacob;
2595 2747 3106 2822 subplantauit

1097 2843 1278 2900 enim
1320 2857 1420 2899 me
1461 2840 1595 2898 iam
1636 2839 1746 2896 bis
1789 2843 1858 2898 et
1895 2839 2383 2915 primogenita
2421 2858 2569 2899 mea
2608 2841 2908 2915 accepit.
3203 2841 3217 2892 J

1250 3082 1283 3128 4
1313 3079 1489 3128 Matth.
1521 3080 1567 3137 4,
1599 3079 1632 3127 4
1663 3076 1778 3126 Luc.·
1807 3078 1856 3134 4,
1886 3078 1917 3125 4
2005 3079 2035 3126 5
2069 3075 2185 3128 Gen.
2219 3078 2295 3131 27,
2328 3079 2360 3126 4
2390 3077 2497 3126 Act.
2533 3078 2606 3134 10,
2644 3079 2702 3128 10
2733 3092 2837 3140 sqq.
2918 3078 2949 3128 8
2985 3077 3099 3131 Gen.

1091 3160 1169 3215 27,
1205 3161 1234 3207 5
1333 3159 1385 3206 11
1422 3156 1561 3207 Philo
1593 3157 1625 3206 l.
1663 3170 1701 3207 c.
1735 3156 1796 3205 30
1831 3156 1958 3215 (571,
1991 3156 2071 3214 29)
2174 3156 2230 3204 12
2265 3155 2382 3204 Gen.
2416 3157 2492 3213 27,
2525 3157 2587 3205 20
2684 3157 2742 3204 17
2775 3155 2894 3206 Gen.
2930 3159 3009 3217 27,
3041 3158 3097 3213 25

1089 3238 1154 3285 23
1188 3236 1306 3286 Gen.
1339 3237 1416 3293 27,
1448 3236 1509 3285 36

1158 3400 1178 3446 1
1217 3397 1338 3447 illud
1363 3398 1413 3446 in
1436 3400 1650 3459 tempore
1675 3395 1776 3445 NT
1869 3396 1897 3442 5
1929 3395 2030 3444 isac
2050 3394 2101 3442 P
2191 3397 2222 3445 6
2254 3394 2469 3443 misteria
2487 3395 2674 3447 Amo
2764 3393 2794 3442 8
2827 3402 3032 3447 uenatnr
3052 3396 3099 3446 A

1088 3481 1235 3536 (uena
1276 3491 1335 3524 ex
1373 3480 1576 3534 uenena)
1767 3473 2038 3537 adgrestem
2070 3476 2119 3523 A
2160 3479 2301 3535 (corr.
2342 3477 2444 3535 m2)
2486 3474 2535 3522 P
2556 3479 2786 3537 ‚grestem
2831 3474 2874 3522 G
2914 3477 2962 3538 (a
2989 3490 3029 3527 a.
3054 3477 3098 3538 ρ)

1089 3557 1119 3604 9
1152 3557 1429 3603 inuentione
1462 3556 1509 3602 A
1544 3554 1580 3614 (i
1609 3569 1648 3603 a.
1684 3569 1710 3602 e
1740 3555 1842 3614 ΜΒ)
1944 3553 2002 3602 10
2033 3553 2164 3602 mitti
2197 3556 2240 3612 (t
2261 3567 2342 3615 pr.
2375 3559 2522 3614 eras.)
2553 3553 2677 3604 PW‘
2709 3556 2750 3612 (t
2774 3569 2857 3616 pr.
2892 3559 3017 3617 ap.)
3057 3555 3101 3604 T

1092 3635 1146 3682 11
1183 3649 1278 3697 quo
1310 3636 1359 3683 A
1392 3636 1448 3692 (a.
1482 3636 1565 3682 ²1⁸2
1592 3633 1618 3681 1
1648 3635 1761 3697 qne)
1795 3645 1887 3694 que
1923 3635 1969 3691 (ο
2000 3647 2039 3681 a.
2075 3633 2120 3695 e)
2159 3632 2205 3680 T
2362 3634 2414 3680 et
2443 3631 2618 3694 scr-ign·
2647 3635 2705 3680 nt
2734 3633 2782 3681 A
2819 3637 2876 3693 (a.
2908 3637 2993 3681 „⁸2
3024 3634 3097 3696 ae)

1084 3712 1308 3761 PGG¹0¹
1343 3728 1397 3761 ac
1429 3718 1513 3761 cet.
1627 3712 1688 3761 12
1718 3710 1790 3759 fili
1821 3710 1887 3759 mi
1919 3711 1967 3758 A
2001 3711 2086 3769 (mi
2118 3724 2157 3759 s.
2190 3725 2238 3758 ιι.
2270 3712 2371 3769 22⁸2>
2404 3708 2511 3759 NT
2619 3712 2676 3760 15
2707 3712 3018 3773 responsione
3049 3712 3097 3760 A

1082 3792 1163 3852 (m.
1208 3794 1311 3838 ant.
1352 3795 1397 3837 et
1435 3790 1609 3837 iterum
1647 3791 1733 3838 ¹⁹⁸2
1770 3802 1831 3835 ex
1867 3787 2113 3850 responso)
2158 3785 2254 3834 00¹
2294 3801 2519 3849 responso
2564 3789 2642 3848 (cx
2679 3790 3008 3851 responsione)
3055 3791 3099 3841 T

1089 3870 1146 3917 18
1178 3868 1395 3917 naturale
1427 3867 1477 3914 P
1505 3873 1551 3916 et
1583 3867 1672 3927 (·le
1705 3864 1847 3928 corr.)
1879 3866 1969 3916 Aa
2065 3866 2126 3914 23
2158 3865 2309 3928 illius]
2341 3865 2444 3914 eius
2481 3864 2639 3922 CP'T,
2672 3880 2765 3915 om.
2806 3866 2853 3915 V
2983 3883 3095 3931 snp—

1083 3946 1326 4009 plantauit
1355 3944 1513 3996 Pavo
