4242 4694
1395 514 1471 562 De
1502 513 1791 562 Patriarchis
1826 515 1897 570 11,
1931 515 2115 562 46—49
2182 513 2223 571 (Ι
2257 514 2348 562 526
2381 512 2573 562 c—527
2606 514 2680 576 B).
2893 519 3000 575 151

1004 687 1103 759 qui
1136 687 1529 760 expectabatur
1560 702 1726 758 quam
1756 686 1919 743 illum
1952 687 2048 759 qui
2079 686 2373 744 uidebatur
2404 686 2514 744 ait:
2550 687 2577 743 f
2580 687 2741 744 ilius
2782 688 3003 761 ampli-

1005 780 1211 837 andus
1243 796 1425 838 meus
1456 780 1719 854 Ioseph.
1754 778 1849 852 qui
1884 784 1972 838 est
2005 779 2354 853 ampliandus
2389 779 2496 836 nisi
2531 779 2805 849 Christus,
2842 779 3002 837 cuius

1004 874 1185 949 grstia
1209 891 1428 948 semper
1450 876 1688 950 augetur
1712 876 1770 931 et
1799 873 1964 931 finem
1997 890 2295 948 processus
2331 873 2417 930 sui
2451 889 2559 930 non
2593 873 2760 930 habet
2792 873 3002 948 gloria?
3048 880 3089 929 F

1005 968 1074 1026 de
1124 985 1233 1041 quo
1291 972 1349 1026 et
1402 968 1676 1027 Iohannes
1733 968 1903 1025 dicit:
1961 968 2151 1025 illum
2213 971 2476 1040 oportet
2532 985 2847 1037 crescere,
2904 985 3002 1025 me

951 1081 978 1117 ε
1003 1064 1224 1121 autem
1262 1064 1587 1134 minorari,
1632 1063 1764 1136 quia
1795 1080 1892 1136 per
1920 1063 2101 1136 ipsius
2134 1062 2276 1120 illud
2310 1063 2551 1120 salutare
2583 1063 3001 1136 perfectumque

1000 1175 1201 1216 nomen
1234 1159 1520 1217 cumulata
1543 1159 1710 1216 estin
1736 1159 1841 1216 hoc
1864 1158 2073 1216 mundo
2102 1161 2159 1215 et
2182 1158 2485 1216 abundauit
2509 1158 2688 1232 gratia
2710 1165 2788 1199 *—
2808 1157 3001 1215 filius

1001 1254 1418 1326 ampliandus
1467 1270 1650 1312 meus
1689 1284 1769 1294 —
1808 1256 1867 1310 et
1911 1252 2038 1310 ideo
2088 1252 2218 1325 quia
2264 1252 2532 1309 uidebant
2578 1269 2708 1309 eum
2756 1267 3001 1309 crescere

997 1346 1198 1404 fratres
1248 1346 1301 1404 ei
1345 1345 1594 1404 inuidere
1643 1350 1962 1421 coeperunt,
2011 1347 2400 1420 intellegibilis
2452 1338 2638 1404 autem
2688 1345 2887 1419 Ioseph
2946 1349 3003 1403 et

1001 1439 1185 1497 zelum
1240 1430 1439 1498 incidit
1493 1441 1560 1497 ab
1615 1440 1687 1500 iis
1746 1459 1887 1514 quos
1936 1441 2119 1514 magis
2168 1441 2413 1499 fouebat.
2463 1439 2700 1513 denique
2748 1439 2999 1498 dicebat:

920 1552 970 1589 ιο
1002 1550 1131 1591 non
1172 1534 1332 1591 ueni
1369 1534 1504 1591 nisi
1545 1534 1624 1592 ad
1664 1552 1825 1594 oues
1867 1535 2167 1608 perditas
2209 1534 2438 1592 domus
2477 1534 2787 1592 Istrahel.
2829 1536 2886 1591 et
2916 1534 3000 1591 illi

1001 1629 1291 1689 dicebantt
1332 1629 1665 1687 nescimus
1708 1630 1874 1687 unde
1916 1630 2023 1687 sit.
2065 1630 2162 1687 ille
2202 1630 2432 1687 curabat
2471 1646 2566 1687 eos
2609 1631 2666 1687 et
2704 1628 2789 1687 illi
2836 1646 3001 1703 nega-

1000 1722 1137 1781 bant
1174 1740 1321 1781 eum.

866 1812 900 1869 8
1078 1816 1296 1875 Filius
1334 1817 1520 1892 inquit
1549 1836 1731 1877 meus
1766 1818 2279 1876 adulescentior.
2315 1834 2373 1875 re
2405 1835 2540 1875 uera
2571 1818 2997 1887 adulescentior,
3016 1829 3167 1878 527A

1000 1910 1097 1984 qui
1160 1914 1281 1969 erat
1342 1929 1514 1985 paene
1580 1913 1813 1970 ultimus
1878 1915 2027 1969 natu.
2094 1912 2330 1985 denique
2387 1915 2444 1968 et
2499 1911 2773 1984 scriptura
2829 1911 2997 1969 dicit:

917 2027 968 2062 ιο
1000 2005 1265 2062 amabat
1319 2022 1464 2063 eum
1518 2006 1734 2075 Iacob,
1792 2007 1948 2079 quia
2000 2006 2194 2063 filius
2253 2009 2395 2062 erat
2443 2005 2818 2062 senectutis
2868 2004 2997 2062 illi.

1001 2099 1153 2171 quod
1203 2100 1371 2157 etiam
1419 2100 1488 2157 sd
1530 2099 1815 2158 Christum
1861 2101 2114 2157 refertur.
2159 2100 2468 2157 senescenti
2509 2099 2653 2156 enim
2694 2099 2901 2156 mundo
2943 2101 3000 2156 et

998 2194 1109 2250 iam
1153 2192 1427 2252 occidenti
1456 2194 1807 2252 inlucescens
1839 2194 1928 2252 dei
1960 2194 2111 2252 filius
2143 2211 2241 2267 per
2272 2194 2479 2251 Mariae
2512 2193 2743 2267 uirginis
2776 2196 2997 2265 partum

1000 2303 1158 2345 serus
1186 2287 1429 2345 aduenit.
1456 2290 1740 2360 tamquam
1766 2288 1915 2345 filius
1944 2288 2245 2345 senectutis
2272 2286 2574 2345 secundum
2594 2291 2996 2344 sacramentum

999 2381 1248 2455 suscepit
1293 2399 1514 2457 corpu8‚
1564 2382 1660 2456 qui
1711 2387 1829 2440 erat
1878 2387 2003 2438 ante
2054 2381 2278 2440 saecula
2325 2398 2544 2454 semper
2591 2383 2727 2455 aput
2764 2383 2994 2453 patrem.

866 2472 967 2534 920
998 2476 1146 2533 unde
1197 2476 1335 2534 dicit
1382 2476 1453 2534 ad
1501 2493 1629 2533 eum
1677 2478 1868 2550 pater:
1921 2476 1997 2533 ad
2044 2492 2141 2532 me
2190 2480 2545 2542 reuertere.
2589 2491 2824 2532 euocsns
2867 2492 2994 2531 eum

998 2570 1069 2627 ad
1117 2571 1333 2628 caelum
1383 2570 1450 2628 de
1497 2570 1662 2628 terris
1714 2587 1879 2643 quem
1918 2573 2141 2643 propter
2179 2573 2423 2628 nostram
2468 2570 2705 2627 salutem
2748 2571 2992 2626 miserat.
3041 2581 3080 2628 Β

994 2664 1183 2736 itaque
1207 2664 1545 2722 resuscitans
1576 2663 1755 2720 filium
1790 2681 1952 2720 suum
1988 2664 2334 2738 unigenitum
2372 2665 2669 2721 euacuauit
2700 2663 2992 2720 consilium

996 2757 1450 2815 maledicentium
1493 2790 1568 2799 -—-
1609 2758 1755 2815 unde
1798 2762 1854 2815 et
1893 2759 2085 2815 Esaias
2129 2758 2298 2816 dicit:
2349 2776 2585 2815 uanum
2637 2756 2993 2815 consilium

1151 2972 1184 3019 4
1214 2970 1315 3019 Ioh.
1351 2971 1395 3027 3,
1429 2971 1490 3020 30
1587 2972 1646 3020 10
1678 2972 1848 3024 matth.
1887 2973 1958 3028 15,
1993 2974 2054 3021 24
2151 2976 2204 3022 11
2240 2974 2342 3022 Ioh.
2377 2975 2420 3029 9,
2454 2975 2514 3021 29
2613 2976 2670 3021 15
2703 2972 2819 3021 Gen.
2854 2973 2929 3028 37,
2964 2971 2992 3019 3

995 3050 1055 3098 23
1087 3049 1215 3097 Esai.
1252 3051 1325 3106 19.
1361 3051 1416 3099 11

1060 3177 1082 3224 1
1117 3188 1253 3222 meus
1285 3174 1583 3237 ampliandus
1616 3175 1767 3223 DET
1921 3177 1950 3224 2
1983 3177 2089 3236 quis
2133 3176 2277 3224 VDT
2420 3177 2448 3225 3
2480 3177 2627 3225 habet
2660 3177 2760 3225 eius
2793 3177 2842 3223 P
2872 3177 2991 3233 (eius

995 3270 1032 3302 s.
1063 3259 1131 3313 u.)
1183 3254 1241 3302 T'
1280 3254 1426 3302 babet
1466 3258 1517 3302 et
1564 3254 1607 3301 T
1642 3261 1686 3302 et
1727 3257 1866 3316 (eras.
1910 3258 1975 3309 et)
2009 3256 2062 3304 D
2217 3258 2246 3304 4
2287 3257 2513 3305 iohannes
2550 3261 2618 3314 (es
2652 3270 2710 3304 ex
2741 3257 2781 3303 is
2813 3258 2911 3313 m3)
2945 3254 2994 3301 Β

997 3334 1023 3381 5
1057 3347 1142 3394 per
1176 3334 1218 3389 (r
1248 3346 1287 3380 s.
1318 3336 1386 3390 u.)
1421 3332 1469 3379 Β
1639 3332 1759 3380 illud
1794 3333 1843 3392 (d
1878 3348 1935 3381 ex
1966 3337 2006 3391 t)
2041 3334 2090 3381 Β
2246 3336 2274 3381 6
2308 3335 2566 3382 culmulata
2595 3334 2644 3381 P
2674 3334 2710 3391 (l
2733 3347 2813 3394 pr.
2846 3336 2989 3389 eras.)

997 3411 1023 3457 ‘7
1054 3425 1190 3460 meus
1223 3410 1521 3474 ampliandus
1553 3410 1626 3460 ἵν’
1721 3411 1752 3458 8
1773 3413 1816 3458 ei
1849 3411 1906 3458 T‘
1937 3410 2143 3461 Uindob.
2174 3416 2279 3460 705
2311 3413 2387 3474 (in
2414 3426 2507 3474 quo
2532 3413 2575 3460 ei
2597 3412 2651 3467 sn,
2679 3412 2718 3459 ἃ
2744 3417 2880 3458 atra
2904 3422 2989 3472 w),

988 3497 1099 3553 post
1132 3491 1345 3539 inuidere
1377 3490 1656 3550 transponit
1686 3489 1762 3546 P‘,
1795 3505 1884 3538 om.
1927 3490 1981 3546 T,
2009 3491 2082 3538 sui
2118 3491 2162 3537 V
2182 3496 2232 3538 et
2254 3492 2303 3539 P
2325 3496 2464 3553 (cap,
2488 3505 2524 3538 s.
2549 3491 2610 3551 ei)
2634 3492 2692 3540 ⁸21¹
2719 3494 2882 3552 (eras.)
2908 3497 2990 3539 cet.

1055 3572 1106 3618 in
1139 3569 1290 3618 zelum
1327 3571 1433 3627 (om.
1469 3572 1536 3626 et)
1569 3569 1660 3625 1²¹⁴,
1695 3572 1744 3615 et
1775 3582 1866 3618 om.
1906 3569 1953 3617 V
2065 3571 2095 3618 9
2126 3570 2202 3618 his
2235 3570 2350 3618 libri
2478 3571 2536 3619 10
2568 3584 2681 3618 oues
2715 3584 2835 3632 quae
2867 3569 2991 3632 peri-

998 3650 1134 3696 erunt
1164 3647 1271 3695 DT
1364 3647 1419 3695 13
1452 3646 1609 3707 inquit
1638 3660 1676 3694 s.
1708 3662 1754 3694 u.
1789 3647 1838 3694 P
1938 3649 1997 3696 14
2028 3652 2246 3696 natorum
2279 3649 2338 3697 91⁴
2372 3651 2451 3710 (ex
2480 3652 2593 3696 nato
2625 3664 2685 3697 m.
2721 3652 2843 3708 am.)
2869 3649 2997 3698 W‘E

995 3731 1134 3775 natus
1175 3726 1218 3775 V
1315 3726 1371 3775 15
1404 3725 1534 3772 illius
1566 3726 1624 3775 21⁴
1662 3728 1736 3782 (us
1759 3729 1934 3785 postea
1967 3726 2101 3784 add.)
2132 3727 2382 3776 21¹·EVP*
2480 3727 2538 3775 18
2571 3741 2675 3774 sero
2706 3726 2773 3775 N'
2866 3729 2990 3774 tam-

997 3808 1155 3868 quam]
1190 3804 1325 3866 quasi
1356 3804 1423 3851 N‘
1571 3804 1697 3850 filius
1731 3804 1778 3849 Β
1813 3805 1845 3860 (i
1883 3804 1968 3850 alt.
2000 3817 2039 3850 s.
2072 3808 2138 3861 u.)
2271 3806 2328 3852 19
2361 3806 2568 3865 suscepti
2602 3806 2806 3866 corporis
2836 3804 2894 3851 Ν
2900 3804 2991 3852 VD

996 3884 1055 3931 20
1088 3898 1291 3932 euocans
1323 3881 1449 3929 P¹T¹
1480 3887 1524 3929 et
1558 3886 1607 3938 (u
1639 3896 1697 3929 ex
1727 3885 1767 3940 t)
1803 3881 1851 3928 P
1880 3884 1930 3928 ct
1962 3896 2134 3929 uocans
2166 3881 2261 3929 ΒΟ
2291 3896 2465 3930 uocans
2498 3888 2580 3930 cet.
2676 3883 2735 3930 23
2769 3881 2918 3938 eseias
2941 3883 2989 3930 Β

1000 3969 1044 4020 (a
1074 3977 1111 4010 s.
1149 3978 1173 4009 e
1208 3962 1317 4023 alt.)
1444 3960 1693 4009 concilium
1735 3960 1778 4007 T
