4242 4694
1268 497 1346 556 VI
2091 495 2471 545 Praefatio.

1266 669 1601 738 memineris,
1658 685 1769 741 qua
1836 668 1932 726 ille
2002 669 2316 727 Ausonium
2375 671 2441 726 ut
2496 668 2823 742 scriptiones
2879 687 3008 732 suas
3073 688 3262 731 secum

1268 764 1699 821 communicaret
1759 762 1999 837 rogauit.
2072 762 2267 821 deinde
2324 780 2424 821 sna
2481 766 2678 838 sponte
2733 764 3059 822 Ambrosius
3115 766 3263 825 hunc

1265 858 1473 916 librum
1513 858 1834 932 imperatori
1872 856 2093 915 mittere
2133 856 2321 931 potuit
2356 856 2655 931 perfectam
2696 859 2845 934 regis
2886 860 3089 917 summi
3129 860 3264 918 ima-

1269 954 1454 1028 ginem
1486 952 1540 1010 ei
1571 951 1641 1009 ad
1671 951 2002 1009 imitandum
2033 951 2438 1025 propositurus.
2479 966 2660 1025 neque
2692 953 2808 1011 sine
2848 970 3017 1012 causa
3053 954 3260 1012 factum

1267 1064 1389 1106 esse
1428 1049 1565 1121 puto
1607 1049 1672 1103 ut
1710 1044 1946 1103 Dauidis
1986 1044 2219 1103 bellicae
2261 1049 2319 1103 et
2355 1044 2740 1118 imperatoriae
2779 1046 3018 1104 uirtutes
3058 1047 3115 1104 in
3158 1048 3263 1106 hoc

1268 1140 1456 1200 libello
1530 1139 1702 1198 tantis
1766 1139 2027 1197 laudibus
2091 1139 2510 1212 celebrentur¹)‚
2575 1143 2689 1197 tam
2753 1158 2916 1216 saepe
2981 1142 3145 1199 uenia
3207 1146 3265 1199 et

1269 1234 1646 1294 misericordia
1705 1234 1825 1292 eius
1881 1233 2338 1308 praedicentur2).
2395 1250 2458 1291 ac
2513 1251 2571 1291 re
2626 1251 2760 1292 uera
2813 1236 2953 1292 inter
2997 1234 3157 1293 illum
3207 1240 3265 1293 et

1266 1328 1640 1388 Theodosium
1683 1328 2106 1387 similitudinem
2145 1328 2421 1402 quandam
2461 1328 2798 1387 intercedere
2828 1346 2987 1387 nemo
3020 1330 3262 1404 negabit.

1268 1442 1393 1482 nam
1443 1426 1517 1487 et,
1544 1423 1635 1480 hic
1682 1422 1828 1481 bello
1877 1423 2137 1480 inclaruit
2176 1423 2495 1497 uirtuteque
2537 1440 2640 1481 sua
2674 1440 2793 1481 rem
2831 1424 3111 1497 publicam
3152 1441 3263 1481 ser-

1267 1519 1429 1577 uauit
1498 1535 1564 1577 ac
1625 1517 1875 1576 restituit
1938 1520 1995 1575 et
2054 1516 2294 1576 inimicis
2357 1517 2592 1576 libenter
2651 1518 2872 1577 ueniam
2935 1518 3260 1593 impertiuit‚

1267 1604 1521 1688 denique,
1578 1629 1718 1687 quae
1766 1629 1854 1671 res
1902 1611 2124 1669 maximi
2172 1612 2438 1670 momenti
2488 1616 2592 1680 est,
2640 1612 2789 1671 sicut
2826 1612 3010 1671 Dauid
3056 1612 3260 1671 delicto

1268 1727 1300 1766 a
1348 1725 1408 1766 se
1458 1707 1755 1766 commisso
1803 1706 2161 1776 uehementer
2207 1706 2386 1766 doluit
2432 1706 2739 1781 humilique
2778 1707 2944 1766 modo
2982 1706 3262 1782 paeniten-

1266 1803 1403 1861 tiam
1461 1801 1595 1877 egit.
1654 1817 1719 1859 ac
1772 1801 1940 1858 talem
2002 1800 2123 1859 eius
2178 1801 2475 1877 imaginem
2523 1801 2851 1861 Ambrosius
2905 1801 2961 1859 in
3017 1802 3262 1860 oratione

1267 1913 1407 1970 quae
1447 1895 1515 1953 de
1555 1895 1712 1953 obitu
1753 1894 2051 1952 Theodosii
2090 1894 2410 1953 inscribitur
2449 1895 2736 1969 expressit.
2791 1897 3032 1953 ceterum
3073 1899 3260 1954 utrum

1267 1996 1390 2050 ante
1447 2008 1514 2048 an
1570 1992 1700 2063 post
1755 1992 1997 2063 stragem
2052 1989 2206 2046 illam
2254 1989 2800 2047 Thessalonicensem
2857 1990 2947 2047 hic
2998 1990 3137 2047 liber
3191 1990 3261 2047 ad

1266 2085 1652 2160 imperatorem
1709 2083 1917 2141 missus
1975 2083 2051 2141 sit
2098 2083 2221 2157 quis
2271 2099 2475 2156 quaeso
2525 2082 2888 2142 diiudicabit?
2928 2084 3034 2142 hoc
3073 2086 3259 2142 tamen

1267 2181 1477 2238 certum
1542 2182 1629 2237 est
1691 2176 1912 2236 codices
1977 2177 2179 2251 quibus
2242 2177 2456 2235 utimur
2517 2194 2579 2234 ex
2643 2177 2890 2252 exemplo
2946 2177 3258 2236 Theodosio

1268 2273 1451 2332 dicato
1493 2272 1762 2348 originem
1803 2271 2043 2330 duxisse.
2103 2274 2402 2344 supersunt
2448 2272 2720 2346 opuscula
2773 2270 2851 2330 de
2896 2271 3122 2341 Helia,
3180 2270 3259 2330 de

1267 2366 1656 2436 Nabuthae,
1723 2367 1802 2424 de
1857 2365 2089 2436 Tobia‚
2153 2383 2293 2439 quae
2357 2383 2419 2424 ex
2484 2366 2828 2424 sermonibus
2882 2366 2936 2424 in
2993 2365 3258 2424 librorum

1265 2462 1498 2519 formam
1553 2459 1775 2517 redacta
1829 2475 1949 2517 esse
2006 2458 2167 2516 facile
2224 2451 2584 2517 demonstrari
2632 2462 2835 2533 potest.
2894 2462 2950 2516 et
2995 2459 3142 2533 quod
3190 2459 3260 2516 ad

1266 2555 1506 2629 primum
1554 2571 1616 2612 ex
1664 2553 2009 2612 sermonibus
2060 2552 2481 2628 quadragesima
2528 2553 2752 2611 ineunte
2794 2554 2999 2612 habitis
3041 2571 3262 2628 compo-

1269 2650 1441 2707 situm
1505 2648 1720 2706 adtinet
1782 2646 2026 2706 sufficiet
2087 2647 2189 2704 hos
2253 2648 2409 2706 locos
2465 2649 2599 2716 458,
2660 2649 2728 2705 17
2789 2645 3068 2722 (‘audistis
3126 2647 3259 2722 quid

1268 2743 1429 2803 hodie
1483 2743 1695 2801 lectum
1743 2741 1859 2818 sit')
1909 2746 1967 2799 et
2013 2743 2146 2811 443,
2197 2745 2232 2798 5
2282 2758 2402 2815 sqq.
2446 2739 2697 2816 (‘putatis
2880 2741 3116 2800 audistis
3158 2786 3171 2799 .
3201 2787 3215 2801 .
3239 2784 3254 2799 .

1268 2837 1496 2907 audite')
1552 2836 1842 2909 inspicere.
1900 2835 2101 2909 quibus
2159 2835 2298 2894 adde
2353 2836 2526 2894 uerba
2579 2837 2712 2906 443,
2772 2838 2804 2895 7
2864 2839 3103 2912 ‘propter
3158 2837 3258 2894 hos

1268 2932 1602 2990 fortissimos
1643 2931 1831 3000 uiros‘‚
1873 2929 2019 2987 unde
2059 2930 2377 3005 colligimus
2417 2931 2671 2990 tribunos
2712 2931 2953 2989 militum
2990 2931 3261 2990 centurio-

1269 3042 1476 3099 nesque
1516 3029 1636 3082 tum
1686 3025 1740 3081 in
1791 3025 2025 3082 ecclesia
2073 3025 2336 3094 adfuisse,
2377 3042 2553 3099 neque
2594 3042 2627 3083 a
2666 3042 2796 3085 uero
2837 3026 2996 3084 abest
3031 3025 3260 3082 Ambro-

1268 3121 1433 3188 sium,
1484 3136 1610 3177 cum
1660 3120 1796 3177 bene
1845 3120 2011 3177 sciret-
2050 3136 2145 3177 eos
2184 3123 2450 3179 uenturos
2492 3137 2633 3191 esse,
2676 3120 2977 3178 orationem
3015 3118 3097 3176 ita
3135 3136 3260 3177 con-

1267 3214 1610 3282 formauisse‚
1675 3216 1741 3270 ut
1802 3214 1983 3272 acrius
2047 3214 2102 3272 in
2169 3216 2492 3274 ebrietatem
2546 3216 2916 3273 inueheretur.
2980 3216 3146 3288 atque
3203 3215 3257 3272 in

1268 3307 1492 3367 eosdem
1533 3307 1753 3367 derecta
1790 3311 1922 3366 sunt
1961 3327 2100 3383 quae
2140 3310 2274 3379 448,
2319 3311 2390 3366 13
2431 3325 2550 3382 sqq.
2593 3308 2660 3366 de
2701 3307 3077 3382 optationibus
3118 3306 3263 3366 inter

1267 3402 1569 3475 potandum
1608 3402 1835 3477 prolatis
1885 3402 2161 3463 dicuntur.
2217 3403 2274 3460 in
2323 3401 2513 3460 libello
2555 3400 2622 3459 de
2662 3401 2956 3460 Nabuthae
2995 3419 3101 3459 non
3142 3404 3255 3460 tam

1268 3500 1418 3554 certa
1470 3496 1733 3572 pristinae
1788 3496 1994 3554 formae
2052 3497 2380 3555 documenta
2434 3496 2643 3565 insunt,
2701 3495 2797 3552 sed
2853 3512 2915 3553 ex
2970 3499 3090 3554 tota
3137 3498 3258 3555 eius

1268 3590 1643 3663 dispositione,
1683 3608 1747 3648 ex
1787 3591 1985 3666 agendi
2022 3591 2233 3648 ratione
2273 3594 2330 3648 et
2369 3590 2679 3649 elocutione
2720 3607 2848 3648 eum
2880 3590 2949 3648 ad
2980 3607 3259 3650 sermones

1266 3685 1440 3743 redire
1496 3685 1859 3761 intellegitur.
1915 3701 2109 3742 uerum
2158 3701 2264 3742 non
2314 3684 2517 3743 desunt
2563 3701 2628 3742 ea
2675 3685 2729 3743 in
2776 3685 2919 3744 libro
2960 3685 3028 3744 de
3068 3686 3259 3753 Tobia‚

1350 3899 1383 3961 ¹)
1415 3900 1474 3948 cf.
1507 3900 1616 3957 307,
1652 3900 1727 3956 14;
1765 3899 1872 3955 316,
1906 3900 1956 3958 2;
1988 3900 2097 3955 319,
2133 3900 2204 3948 17.

1348 3977 1383 4036 ²)
1419 3977 1476 4025 cs.
1509 3978 1617 4033 316,
1651 3979 1700 4028 6:
1736 3978 1843 4027 817.
1879 3979 1958 4035 173
1991 3978 2097 4036 318,
2129 3980 2174 4028 4.
