4242 4694
1522 520 1594 569 De
1617 517 1780 568 'robis
1810 518 1857 575 8,
1889 518 2077 568 29—32
2140 517 2184 581 (Ι
2208 518 2301 567 600
2326 516 2519 566 Α-601
2541 516 2617 578 Α).
2957 521 3071 578 535

1065 694 1228 769 gulae
1270 707 1425 750 meae
1467 695 1775 766 sumptum,
1820 673 2023 752 soluite
2071 694 2329 765 paternae
2378 706 2603 747 mensae
2651 690 2918 763 pretium:
2977 708 3073 749 uo·

1065 786 1201 846 inite
1249 787 1400 861 quod
1447 804 1554 846 non
1605 786 1935 854 denotastis,
1984 786 2197 844 reddite
2246 785 2396 858 quod
2443 801 2551 842 non
2600 785 2917 858 accepistis,
2968 785 3073 844 hoc

1065 882 1345 952 meliores,
1385 881 1536 955 quod
1583 884 1773 939 uestro
1823 881 1999 954 pretio
2048 880 2323 938 redimitis
2372 882 2606 953 patrem,
2658 882 2848 937 uestra
2903 880 3075 937 serui-

1066 981 1189 1035 tute
1228 979 1512 1050 paternam
1553 976 1740 1033 emitis
1782 976 2138 1033 libertatem)

912 1074 984 1132 31
1014 1087 1038 1128 5
1146 1071 1283 1128 Esto
1324 1073 1390 1128 ut
1429 1070 1631 1142 aliquis
1673 1070 1770 1143 qui
1811 1070 2107 1128 subuenire
2150 1069 2333 1142 possit
2380 1067 2625 1127 accedat.
2686 1068 2812 1143 quis
2860 1071 3075 1126 tantam

1070 1166 1289 1237 expleat
1338 1163 1673 1239 Charybdin,
1727 1165 1854 1239 quis
1903 1164 2142 1223 rationes
2190 1163 2550 1223 faeneratoris
2608 1168 2893 1239 agnoscat,
2949 1163 3076 1237 quis

1070 1259 1361 1316 auaritiam
1405 1259 1591 1323 satiet,
1633 1275 1776 1331 quae
1816 1276 1924 1318 non
1965 1259 2073 1317 iste
2116 1258 2295 1330 pretia
2334 1262 2643 1333 exaggeret,
2692 1275 2820 1316 cum
2872 1257 3081 1315 uiderit
3124 1267 3165 1315 F.

1068 1353 1513 1426 redemptorem?
1554 1369 1661 1411 non
1704 1352 1851 1411 enim
1893 1369 1994 1410 suo
2035 1352 2216 1428 magis
2264 1352 2418 1411 lucro
2469 1369 2636 1425 quam
2685 1351 2861 1409 alieno
2913 1351 3078 1409 detri-

1071 1451 1257 1506 mento
1313 1448 1580 1522 pascitur.
1649 1465 1780 1506 uera
1834 1447 2103 1521 profecto,
2161 1463 2295 1507 uera
2349 1451 2439 1505 est
2493 1449 2689 1521 utpote
2747 1446 2835 1504 dei
2892 1447 3081 1503 diuina

995 1566 1042 1600 ιο
1073 1542 1363 1611 sententia,
1430 1543 1525 1616 qui
1583 1559 1710 1600 cum
1766 1542 1944 1600 iratus
2002 1545 2152 1600 esset
2206 1545 2430 1615 propter
2484 1542 2829 1615 impietatem
2884 1541 3079 1615 populi

1073 1636 1422 1705 Iudaeorum,
1464 1638 1613 1711 quod
1651 1641 1782 1710 post
1822 1636 1955 1695 deos
1996 1636 2174 1693 abiret
2214 1636 2440 1703 alienos,
2484 1636 2597 1694 cui
2637 1635 2819 1708 inquit
2855 1636 3080 1693 faene-

1073 1731 1299 1789 ratori
1353 1731 1648 1790 uendidi
1701 1734 1869 1790 uos?
1921 1732 2186 1790 uenditur
2236 1732 2382 1790 enim
2432 1732 2528 1805 qui
2577 1731 2860 1806 obligatus
2908 1730 3082 1788 fuerit

1074 1825 1401 1883 faeneratori
1455 1829 1512 1883 et
1559 1826 1821 1885 uenditur
1871 1843 1974 1885 non
2025 1843 2134 1884 uno
2182 1826 2382 1899 pretio,
2431 1827 2531 1885 sed
2578 1825 2900 1891 cottidiano,
2948 1841 3079 1881 uen-

1074 1920 1227 1979 ditur
1264 1937 1371 1978 non
1413 1937 1541 1979 cum
1584 1920 1920 1990 definitione,
1963 1919 2061 1978 sed
2102 1937 2229 1978 cum
2271 1920 2590 1979 accessione
2622 1919 2896 1977 diuturna.
2937 1934 3084 1976 noua

989 2035 1045 2073 u
1075 2030 1369 2072 usurarum
1434 2015 1618 2072 auctio
1683 2031 1782 2087 per
1834 2031 2055 2072 menses
2111 2014 2387 2089 singulos,
2442 2030 2590 2073 noua
2643 2013 2748 2071 sub
2805 2013 3083 2070 cotidiana
3127 2021 3168 2071 Ε·

1075 2109 1382 2167 licitatione
1433 2108 1703 2167 uenditio.
1759 2109 1858 2181 qui
1896 2109 2025 2182 plus
2068 2108 2337 2182 optulerit
2376 2108 2550 2166 trahit
2589 2124 2824 2181 semper,
2865 2106 3080 2165 uenalis

1077 2203 1369 2270 addicitur,
1410 2219 1713 2276 numquam
1756 2203 1916 2276 quasi
1956 2203 2220 2261 uenditus
2262 2203 2606 2261 aestimatur.
2661 2219 2863 2277 magna
2907 2201 3084 2277 igitur

1078 2298 1166 2356 uis
1221 2297 1476 2355 caelestis
1527 2296 1849 2354 sententiae.
1909 2313 2015 2355 non
2066 2297 2204 2355 satis
2253 2296 2529 2356 iudicauit
2576 2296 2832 2356 dominus
2875 2296 3079 2354 dicere:

1077 2391 1187 2451 cui
1251 2390 1545 2448 uendidi
1608 2394 1776 2450 uos?
1841 2390 2058 2449 addidit
2111 2389 2573 2450 faeneratori.
2640 2391 2885 2450 offensus
2941 2391 3082 2448 nihil

998 2506 1045 2542 πο
1075 2485 1260 2559 potuit
1299 2484 1528 2560 grauius
1567 2485 1836 2556 inuenire,
1877 2502 1986 2560 quo
2027 2485 2341 2543 uindicaret
2377 2486 2434 2543 in
2476 2484 2733 2559 perfidos,
2781 2485 3080 2543 derelictus

1075 2579 1410 2653 expostulat,
1453 2595 1550 2637 cur
1586 2579 1668 2637 ita
1706 2579 1955 2655 fugerint
1992 2580 2191 2639 salutis
2226 2583 2529 2648 auctorem,
2562 2579 2719 2652 quasi
2754 2578 3080 2637 faeneratori

1076 2691 1172 2733 eos
1222 2673 1387 2731 alicui
1437 2671 1696 2732 dominus
1747 2674 2095 2732 uendidisset
2142 2674 2310 2749 digna
2357 2691 2534 2748 poena
2584 2675 2870 2733 dominum
2917 2674 3080 2731 reliu-

1076 2769 1315 2842 queutis.
1372 2768 1580 2827 habent
1626 2769 1776 2826 serui
1824 2768 1969 2842 quod
2012 2770 2254 2843 amplius
2294 2786 2462 2842 quarn
2504 2770 2738 2827 carceris
2779 2785 2983 2843 poenas
3026 2772 3081 2824 et

1076 2863 1303 2920 uincula
1341 2862 1717 2931 reformident,
1759 2862 1968 2920 habent
2002 2862 2165 2920 liberi
2207 2863 2357 2936 quod
2394 2867 2638 2937 paueant
2677 2881 2773 2936 pro
2805 2861 3081 2920 libertatis

919 2956 1305 3017 322⁶incuria.
1364 2956 1536 3014 simul
1583 2955 1725 3013 illud
1774 2955 2002 3014 aduerte
2051 2957 2198 3030 quod
2247 2957 2547 3016 faeneratio
2589 2956 3079 3030 praeuaricationis
3095 2967 3186 3017 601
3212 2966 3255 3016 A

1235 3156 1259 3205 1
1297 3155 1354 3204 cf.
1391 3155 1476 3205 Iob
1511 3154 1588 3212 20,
1625 3157 1683 3204 15
1780 3155 1836 3204 11
1874 3155 1999 3204 Esai.
2033 3155 2111 3213 50.
2147 3157 2172 3205 1

1139 3267 1168 3314 ·2
1200 3281 1294 3314 non
1330 3270 1446 3314 ante
1478 3266 1729 3327 accepistis
1760 3279 1851 3314 om.
1885 3265 1987 3314 BD
2080 3267 2110 3314 5
2145 3266 2226 3327 qui
2259 3280 2350 3314 om.
2383 3265 2495 3314 DP‘
2624 3268 2788 3329 posset
2820 3266 2869 3314 P
2895 3272 2941 3314 et
2975 3267 3011 3325 (i
3042 3282 3080 3316 s.

1077 3360 1102 3394 e
1125 3347 1226 3404 ΜΒ)
1253 3345 1301 3392 Β
1364 3345 1393 3392 5
1416 3358 1484 3405 sq.
1520 3344 1601 3405 qui
1636 3344 1746 3405 (ter)
1770 3342 1866 3390 BT
1950 3345 1979 3393 6
2014 3343 2269 3406 charybdin
2303 3344 2349 3390 V
2375 3343 2623 3393 charibdin
2648 3345 2697 3393 P
2725 3350 2771 3393 et
2802 3344 2852 3405 (h
2876 3360 2915 3394 s.
2939 3347 3011 3406 u.)
3035 3345 3084 3394 Β

1075 3421 1337 3472 charibdim
1377 3422 1422 3470 T
1449 3420 1690 3485 carybdim
1721 3422 1774 3470 D
1805 3420 2017 3483 caribdin
2049 3421 2111 3469 P‘
2143 3420 2348 3470 caibdim
2383 3422 2426 3469 G
2547 3422 2747 3470 rationis
2779 3422 2828 3470 P
2910 3423 2941 3471 8
2973 3424 3082 3472 red-

1074 3504 1327 3564 imptorem
1360 3501 1409 3549 P
1435 3499 1749 3549 redemtorem
1792 3499 1834 3547 V
1863 3498 2188 3562 redemptores
2219 3500 2334 3549 DP¹
2447 3500 2503 3550 11
2540 3500 2724 3548 alienos
2757 3500 2945 3549 abirent
2969 3502 3084 3550 DP‘

1138 3579 1332 3628 uendidi
1365 3593 1451 3627 uos
1484 3578 1741 3627 feneratori
1773 3578 1886 3627 DP‘
1984 3580 2042 3627 12
2073 3578 2231 3627 fuerat
2262 3578 2359 3627 BT
2437 3579 2495 3629 13
2529 3578 2752 3627 uenditor
2783 3578 2832 3626 P
2861 3585 2906 3628 a
2940 3585 3082 3639 (corr.

1075 3663 1175 3716 ²1⁸2)
1217 3656 1265 3705 V
1371 3658 1430 3705 14
1462 3656 1752 3705 diffinitione
1784 3656 1946 3705 BDP‘
2073 3656 2241 3706 diurna
2281 3657 2373 3705 ΒΤ
2482 3657 2538 3705 15
2571 3656 2697 3706 actio
2738 3656 2783 3705 T
2795 3660 2879 3705 21⁸2
3005 3673 3082 3706 co·

1074 3736 1259 3785 tidiana
1293 3739 1376 3794 (na
1407 3751 1465 3784 ex
1495 3737 1576 3798 no)
1609 3736 1657 3783 Β
1802 3736 1859 3784 16
1890 3736 2098 3785 trahitur
2127 3737 2242 3786 DP‘
2273 3738 2426 3785 trahit
2457 3741 2507 3785 et
2544 3735 2588 3784 T
2729 3736 2787 3784 19
2821 3735 3005 3785 uindidi
3038 3736 3087 3785 P

1139 3815 1223 3863 scd
1256 3813 1445 3862 addidit
1477 3813 1632 3862 VDP‘
1727 3815 1788 3862 20
1818 3813 2054 3863 iudicaret
2077 3814 2220 3864 BTD
2252 3814 2515 3863 uindicauit
2534 3815 2595 3862 P‘
2692 3813 2945 3862 derelictos
2969 3812 3084 3863 DP‘

1075 3894 1131 3942 21
1177 3893 1404 3955 sugerent
1445 3891 1585 3940 VBT
1740 3893 1801 3941 22
1843 3892 1986 3942 alicui
2026 3892 2246 3942 dominus
2286 3908 2366 3942 eos
2400 3893 2513 3942 DP¹
2672 3881 2813 3942 dnm·
2839 3893 2892 3940 1)
2924 3891 3002 3941 dm
3036 3893 3084 3940 Β

1137 3972 1451 4033 relinquentis
1492 3970 1581 4020 Vc
1605 3970 1930 4033 relinquentes
1963 3977 2045 4020 cet.
2143 3972 2204 4020 23
2238 3971 2472 4021 carcheris
2504 3972 2553 4020 P
