4242 4694
1126 573 1242 628 526
1963 569 2309 616 Ambrosii

1126 743 1297 800 solita
1336 745 1570 800 transire
1611 761 1708 817 per
1747 743 2036 815 plurimos.
2080 760 2188 800 uno
2229 743 2405 800 teneri
2437 744 2623 801 nescit
2656 746 2926 814 sacculo,
2959 744 3133 804 uersari

1125 853 1194 894 ac
1236 838 1509 894 numerari
1552 837 1786 910 expetit:
1828 854 1998 894 usum
2037 837 2289 911 requirit,
2329 840 2397 895 ut
2428 836 2697 911 adquirat
2731 855 2992 898 usuram.
3028 838 3132 896 flue·

1126 936 1221 988 tus
1266 931 1490 1004 quidam
1532 934 1620 988 est
1666 931 1855 999 maris,
1906 947 2012 988 non
2061 931 2297 989 fructus.
2354 932 2591 1004 pecunia
2640 949 2969 1006 numquam
3011 932 3131 1007 quie-

1130 1027 1258 1083 scit.
1282 1026 1492 1083 labitur
1514 1027 1676 1083 uelut
1699 1026 1930 1099 scopulo
1954 1026 2142 1083 inlisa:
2177 1026 2258 1084 ita
2290 1025 2565 1101 gremium
2598 1026 2888 1085 debitoris
2919 1028 3129 1101 percutit
3175 1033 3223 1084 511

1130 1123 1191 1179 et
1231 1121 1492 1179 continuo
1533 1119 1800 1177 relabitur
1839 1137 1924 1189 eo,
1965 1120 2111 1177 unde
2152 1119 2444 1194 processit.
2484 1136 2611 1179 cum
2656 1138 2958 1180 murmure
2988 1122 3129 1188 uenit,
3163 1142 3179 1176 ι

1130 1223 1263 1274 cum
1307 1215 1518 1290 gemitu
1559 1215 1877 1272 reuertitur.
1918 1214 2233 1287 frequenter
2270 1218 2457 1273 tamen
2496 1203 2793 1289 placide
2828 1219 2947 1274 stat
2976 1216 3130 1274 uentis

1134 1326 1301 1376 mare,
1346 1326 1565 1383 semper
1603 1307 1842 1366 faenoris
1885 1307 2032 1365 unda
2071 1308 2326 1366 iactatur.
2367 1309 2574 1383 mergit
2603 1310 2936 1385 naufragos,
2969 1310 3132 1383 expuit

1135 1405 1333 1473 nudos,
1390 1404 1631 1461 uestitos
1699 1402 1867 1469 exuit,
1932 1402 2246 1476 insepultos
2310 1403 2592 1477 relinquit.
2658 1421 2964 1463 nummum
3023 1420 3132 1479 ergo

1137 1498 1282 1573 petis
1332 1502 1390 1556 et
1436 1498 1787 1572 naufragium
1846 1498 2107 1572 suscipis.
2165 1497 2294 1556 hinc
2352 1497 2660 1572 Charybdis
2717 1499 3133 1574 circumstrepit,

1138 1594 1265 1652 hinc
1324 1592 1564 1661 Sirenes,
1622 1609 1763 1665 quae
1821 1592 2133 1666 uoluptatis
2193 1592 2378 1667 specie
2436 1595 2494 1649 et
2547 1609 2784 1652 canorae
2841 1593 3134 1652 dulcedinis
3157 1611 3186 1648 ιο

1140 1688 1419 1746 suauitate
1457 1687 1513 1744 in
1556 1687 1700 1744 uada
1739 1703 1906 1744 caeca
1950 1687 2219 1745 deductos
2252 1686 2581 1761 repetendae
2614 1686 2842 1758 domus,
2877 1691 2944 1746 ut
2973 1687 3136 1746 serunt

1047 1784 1121 1841 17
1141 1783 1380 1852 fabulae,
1421 1798 1519 1855 spe
1571 1784 1628 1838 et
1681 1782 1988 1855 cupiditate
2042 1781 2386 1840 fraudabant
2441 1782 2631 1840 statim
2688 1782 3014 1841 uenditores
3054 1799 3139 1840 un·
3202 1786 3224 1838 1

1142 1876 1335 1952 guenti
1377 1878 1433 1933 et
1475 1875 1818 1933 diuersarum
1863 1876 2175 1949 specierum
2215 1876 2443 1934 inruunt
2489 1877 2650 1934 uelut
2704 1893 2877 1935 canes
2933 1876 3138 1951 quidam

1145 1970 1331 2046 sagaci
1385 1969 1619 2043 praedae
1684 1971 1942 2044 uagantis
2009 1969 2176 2029 odore
2240 1970 2539 2045 perstricti,
2606 1973 2925 2041 uenatores‚
2982 1972 3141 2047 pisca-

1144 2068 1314 2133 toreS,
1356 2080 1620 2138 aucupes,
1663 2081 1942 2138 caupones
1986 2082 2207 2139 quoque
2249 2065 2545 2123 miscentes
2585 2082 2738 2123 mero
2791 2083 3019 2141 aquam,
3063 2066 3192 2140 quin

1114 2157 1493 2217 mobilitatem
1543 2159 1759 2216 uetusti
1810 2159 2027 2233 generis
2077 2162 2136 2216 et
2181 2160 2390 2234 patriae
2438 2176 2502 2217 ac
2550 2161 2795 2218 natalem
2848 2161 3000 2219 diem
3045 2160 3145 2219 uini

1142 2254 1572 2310 circumsonent.
1633 2254 2062 2312 circumstantes
2102 2258 2327 2328 repente
2369 2254 2599 2328 parasiti
2640 2270 2812 2328 quem
2852 2260 2986 2314 ante
3024 2256 3148 2315 sole·

1145 2348 1281 2404 bant
1321 2364 1578 2421 spernere
1619 2348 1881 2416 salut-ant,
1925 2348 2224 2417 deducunt,
2279 2348 2346 2407 ad
2394 2348 2664 2406 laetitiam
2713 2354 3048 2424 prouocant‚
3091 2348 3147 2407 ad

1144 2444 1436 2516 sumptum
1492 2441 1730 2499 incitant
1793 2441 2067 2499 dicentes:
2132 2442 2372 2500 uenite
2438 2444 2507 2500 et
2567 2441 2894 2501 fruamur
2958 2443 3148 2502 bonis
3220 2452 3224 2485 ¹

1148 2553 1325 2609 quae
1368 2538 1533 2593 sunt
1573 2539 1641 2593 et
1682 2539 1965 2594 utamur
2005 2540 2338 2594 creatura
2378 2540 2730 2610 tamquam
2773 2537 3205 2596 iuuentutem

1149 2629 1513 2686 celeriter.
1569 2629 1734 2687 uino
1787 2630 2110 2704 pretioso
2168 2634 2236 2689 et
2275 2631 2666 2705 unguentis
2708 2649 2839 2691 nos
2880 2633 3151 2708 implea-

1152 2740 1321 2793 mus,
1364 2728 1432 2781 et
1472 2741 1601 2782 non
1643 2728 2059 2798 praetereat
2098 2742 2221 2783 nos
2265 2726 2406 2782 flos
2459 2726 2831 2799 temporis.
2886 2744 3154 2786 corone·

1148 2835 1300 2875 mus
1343 2835 1467 2876 nos
1509 2818 1719 2885 rosis,
1764 2823 2140 2892 antequam
2183 2810 2645 2877 marcescant.
2703 2821 2990 2879 nullum
3030 2839 3156 2897 pra·

1149 2915 1294 2970 tum
1362 2913 1480 2982 sit,
1547 2913 1729 2986 quod
1796 2931 1926 2970 non
2002 2916 2461 2987 pertranseat
2529 2914 2818 2972 luxuria
2891 2919 3155 2973 nostra:

1149 3007 1417 3080 ubique
1451 3007 1944 3080 relinquamus
1981 3009 2188 3081 signa
2218 3008 2572 3079 laetitiae,
2615 3009 2960 3081 quoniam
3004 3010 3158 3072 hacc
3180 3027 3215 3065 a

1306 3147 1333 3194 e
1370 3146 1508 3208 Uerg.
1545 3146 1642 3194 Ecl.
1679 3148 1722 3201 2,
1757 3117 1840 3195 26*
1917 3149 1969 3195 11
2011 3146 2149 3209 Uerg.
2184 3147 2300 3195 Aen.
2337 3148 2360 3196 1
2393 3148 2485 3196 540
2583 3147 2640 3195 19
2674 3146 2789 3209 Sap.
2824 3149 2869 3204 2.
2906 3150 3038 3197 e-s

1215 3240 1235 3286 1
1274 3240 1429 3288 nescit
1460 3255 1550 3288 om.
1582 3240 1696 3288 ΒΡ
1793 3240 1821 3288 3
1855 3241 2084 3303 pecuniae
2119 3241 2164 3288 V
2289 3241 2545 3304 quiiscitP
2574 3240 2837 3304 requiescit
2857 3242 2962 3292 BT
3048 3246 3079 3292 4
3099 3244 3158 3291 12-

1151 3318 1281 3364 uitur
1312 3318 1361 3364 P
1484 3319 1677 3380 scopolo
1713 3319 1760 3365 P
1884 3320 2066 3380 gremio
2099 3319 2147 3367 P
2177 3324 2223 3368 et
2257 3324 2398 3380 (corr.
2432 3322 2532 3379 ΜΕ)
2576 3319 2622 3368 V
2777 3322 2806 3369 ‘1
2840 3321 3089 3380 iactantur
3117 3326 3161 3377 (u

1149 3408 1253 3455 exp.
1287 3399 1389 3455 m2)
1425 3397 1472 3443 Β
1568 3398 1596 3444 9
1630 3397 1753 3458 petis
1790 3400 1830 3455 (s
1865 3412 1923 3445 ex
1955 3400 1978 3445 t
2008 3400 2111 3460 ¹1⁸2)
2143 3397 2191 3444 Β
2293 3397 2405 3447 hinc
2439 3402 2488 3455 (n
2521 3409 2560 3446 ε.
2592 3404 2663 3454 u.)
2698 3397 2745 3445 Β
2854 3399 3099 3448 charibdis
3128 3398 3166 3443 V

1149 3472 1355 3519 caribdis
1388 3473 1595 3521 PDP¹C
1624 3475 1843 3536 carybdis
1875 3475 1977 3523 BT
2101 3476 2160 3523 10
2192 3476 2373 3523 sirenes
2416 3476 2459 3524 V
2488 3481 2532 3524 ct
2564 3480 2633 3534 (es
2666 3491 2727 3524 ex
2758 3477 2803 3526 is
2835 3481 2944 3537 ¹¹⁸2)
2981 3478 3032 3527 Β
3060 3479 3162 3526 sire·

1149 3552 1222 3598 nis
1256 3551 1389 3599 PYC
1418 3553 1602 3600 sirenae
1636 3554 1687 3600 D
1716 3568 1886 3615 syrene
1919 3554 1980 3600 P¹
2076 3556 2282 3616 speciem
2319 3555 2362 3603 V
2454 3568 2625 3602 canora
2657 3554 2705 3601 Β
2836 3556 3097 3606 dulcidinis
3126 3554 3165 3604 P

1154 3630 1205 3675 11
1245 3629 1390 3678 uadat
1427 3636 1533 3686 (om.
1560 3630 1815 3678 deductos.
1839 3670 1847 3678 .
1872 3672 1879 3678 .
1900 3631 2067 3680 domus
2099 3633 2264 3693 spatio
2287 3633 2473 3695 relicto)
2506 3632 2550 3680 V
2651 3631 2821 3682 domos
2845 3635 2897 3683 P
2992 3637 3050 3686 12
3071 3636 3161 3683 uin-

1153 3706 1320 3755 ditoris
1355 3709 1402 3755 P
1525 3711 1725 3771 ungenti
1762 3710 1967 3758 PBDP‘
2097 3713 2154 3760 13
2189 3710 2384 3774 quidam
2417 3726 2557 3760 canes
2590 3711 2703 3760 DP'
2840 3713 2902 3763 14
2935 3711 3162 3778 perstricti

1153 3784 1397 3834 Costa-ius
1429 3789 1699 3847 praestricti
1736 3789 1850 3835 libri
1916 3791 1973 3837 16
2007 3792 2242 3851 uetusque
2277 3791 2440 3852 generi
2480 3789 2526 3836 V
2555 3792 2694 3838 uestu
2727 3793 2930 3853 generis
2965 3793 3013 3840 Β
3101 3790 3161 3852 ael

1151 3866 1201 3909 et
1233 3863 1309 3918 P,
1344 3880 1431 3915 om.
1471 3866 1512 3912 ζ’
1632 3868 1686 3914 17
1724 3868 2090 3929 circumsonent]
2127 3883 2208 3915 cur
2241 3872 2503 3916 consonent
2535 3867 2635 3916 BT
2752 3870 3098 3921 circumstante
3126 3871 3165 3919 P

1150 3941 1459 3989 circumstant
1491 3944 1587 3990 BT
1741 3946 1921 4005 parasti
1966 3945 2010 3991 V
2152 3947 2212 3994 20
2240 3950 2457 3994 creatura
2490 3946 2538 3993 P
2694 3949 2952 4011 tamquam
2984 3951 3035 3999 in
3064 3948 3160 3999 DP'

1151 4019 1208 4066 ⁴21
1249 4022 1471 4081 ungentis
1507 4022 1712 4069 PDP¹C¹
