4242 4694
1244 516 1356 571 506
2074 508 2416 557 Ambrosii

1240 683 1525 742 hominum
1569 684 1714 741 solet
1748 683 1964 747 inurere
2005 682 2311 756 passiones.
2354 681 2453 738 sed
2490 680 2590 737 illa
2626 680 2824 738 iacula
2866 681 3043 739 insto*
3074 697 3246 739 nocere

1238 795 1345 836 non
1377 780 1634 853 possunt,
1668 776 1760 835 cui
1801 776 1938 834 deus
1978 776 2072 834 lux
2112 778 2217 840 est,
2257 777 2585 848 tantumque
2619 774 2787 832 abest
2820 791 2855 832 a
2889 774 3241 850 caligantium

1239 871 1461 930 horrore
1515 871 1884 940 tenebrarum,
1928 872 1991 928 ut
2043 868 2394 927 aduersarius
2451 868 2507 925 in
2555 884 2621 926 eo
2660 868 2856 927 locum
2900 869 3115 927 habere
3148 885 3239 926 non

1238 965 1436 1040 possit,
1494 965 1589 1038 qui
1644 964 1812 1022 etiam
1867 963 2210 1038 principibus
2267 979 2329 1020 se
2380 963 2674 1021 consueuit
2733 962 3064 1030 infundere,
3110 962 3238 1021 sicut
3294 1011 3298 1019 .

1237 1057 1445 1116 infudit
1497 1059 1665 1117 Iudae
1722 1058 1889 1116 etiam
1943 1058 2211 1132 proditori
2270 1056 2567 1115 concidens
2624 1061 2920 1129 tamquam
2991 1058 3048 1115 in
3111 1057 3280 1115 siluas

1239 1151 1518 1227 lignorum
1574 1152 1701 1210 fidei
1754 1152 1970 1221 ianuas,
2012 1154 2078 1210 ut
2122 1152 2178 1209 in
2230 1167 2324 1210 cor
2371 1151 2491 1208 eius
2539 1149 2769 1208 baberet
2821 1151 3148 1227 ingressum
3188 1154 3232 1207 et

1240 1247 1447 1304 aeterni
1501 1245 1738 1305 nominis
1795 1245 2213 1304 tabernaculum
2265 1244 2577 1320 possideret
2628 1244 2994 1318 apostolatus
3051 1245 3227 1303 conlati

1242 1356 1467 1398 munere
1507 1339 1843 1398 dedicatum.
1886 1357 2014 1415 ergo
2051 1339 2147 1397 ille
2180 1338 2338 1413 quasi
2371 1339 2633 1413 inprobus
2668 1343 2984 1413 usurpator
3014 1337 3224 1398 concidit
3294 1335 3298 1396 Ι

1240 1433 1451 1504 ianuas,
1501 1436 1573 1491 ut⁴
1611 1433 1894 1492 uiolentus
1951 1433 2204 1501 introeat,
2249 1433 2505 1492 dominus
2562 1436 2747 1490 autem
2791 1433 2966 1506 quasi
3007 1433 3128 1508 pius
3163 1433 3222 1489 in-

1240 1528 1445 1585 lustrat
1482 1528 1732 1586 seruolos
1774 1531 1831 1586 et
1870 1544 2059 1586 eorum
2101 1527 2446 1603 fulgentibus
2487 1526 2698 1584 meritis
2739 1529 2800 1584 et
2839 1527 3100 1585 claritate
3137 1526 3263 1583 uir-s
3294 1505 3298 1560 ¹

1128 1697 1133 1703 ι
1238 1624 1425 1679 tutum
1474 1621 1728 1679 tenebras
1777 1621 1967 1679 mundi
2017 1622 2183 1679 huius
2231 1621 2542 1679 inluminat.
2609 1620 2751 1678 hanc
2807 1621 3038 1695 pacifici
3084 1624 3219 1694 atque

1239 1714 1517 1772 mansueti
1557 1714 1765 1772 habent
1805 1719 1943 1789 aput
1982 1715 2146 1773 deum
2188 1715 2423 1790 gratiam
2465 1714 2650 1772 sobria
2689 1714 2902 1771 mentis
2939 1731 3075 1773 suae
3102 1718 3217 1772 tnn-

1242 1807 1518 1881 quillitate
1576 1807 1811 1876 fundati,
1850 1808 2176 1881 insipientes
2233 1812 2418 1866 autem
2474 1807 2637 1865 corde
2692 1807 3004 1866 turbantur
3049 1812 3105 1866 et
3134 1805 3218 1882 ipsi

1241 1905 1373 1959 sunt
1428 1902 1537 1959 sibi
1590 1902 1843 1976 propriae
1899 1902 2285 1978 exagitationis
2336 1903 2608 1969 auctores,
2657 1902 2790 1974 quia
2841 1902 3215 1960 desideriorum

1242 2012 1469 2053 suorum
1511 1996 1817 2054 uoluuntur
1858 2000 2018 2054 aestu
2059 1999 2116 2054 et
2155 1995 2396 2070 quodum
2436 1997 2554 2053 salo
2595 1994 2892 2053 fluctuant.
3232 2007 3258 2045 1

1052 2091 1147 2166 16,
1165 2092 1239 2150 63
1320 2085 1428 2159 Qui
1476 2089 1590 2147 sint
1639 2089 1737 2147 isti
1789 2089 2129 2165 significauit
2187 2106 2443 2163 expresse
2485 2088 2742 2147 diceudo:
2803 2107 3053 2149 omnes
3104 2085 3212 2146 uiri
3268 2086 3289 2138 1

1244 2181 1685 2243 diuitiarum.
1727 2201 1917 2241 omnes
1952 2183 2107 2252 dixit,
2137 2184 2353 2241 nullum
2386 2182 2617 2255 excepit.
2652 2184 2710 2240 et
2738 2181 2887 2241 bene
2924 2184 3082 2242 uiros
3110 2179 3212 2240 diui-

1242 2276 1444 2334 tiarum
1487 2277 1809 2353 appellauit,
1843 2293 1950 2336 non
1992 2277 2221 2336 diuitias
2260 2277 2525 2345 uirorum,
2560 2280 2625 2333 ut
2657 2276 2988 2335 ostenderet
3021 2294 3113 2336 eos
3137 2289 3207 2332 nn

1242 2387 1593 2444 possessores
1635 2371 1955 2429 diuitiarum
1999 2388 2139 2440 esse,
2191 2372 2290 2429 sed
2339 2371 2457 2428 suis
2508 2371 2723 2429 diuitiis
2771 2371 3085 2445 possideri;
3126 2381 3200 2444 p*

1245 2465 1421 2524 sessio
1463 2467 1608 2523 enim
1642 2467 1983 2540 possessoris
2018 2466 2183 2524 debet
2213 2483 2353 2534 esse,
2388 2482 2493 2524 non
2528 2481 2821 2538 possessor
2848 2460 3231 2546 possessivis·

1246 2558 1582 2633 quicumque
1637 2559 1810 2634 igitur
1863 2560 2189 2632 patrimonio
2249 2576 2350 2617 suo
2408 2563 2691 2632 tamquam
2739 2560 3194 2630 possessionem

1402 2781 1430 2827 2
1462 2780 1636 2829 Psalm.
1670 2780 1950 2828 Lxxxxvl
1986 2781 2038 2830 11
2160 2783 2192 2829 4
2222 2781 2394 2830 Psalm.
2427 2781 2626 2829 LXXIII
2651 2785 2680 2831 5
2705 2795 2775 2842 sq.
2900 2784 2932 2831 6
2967 2782 3081 2830 Luc.
3113 2777 3215 2835 2208

1249 2860 1274 2906 7
1308 2859 1481 2907 Matth.
1511 2860 1584 2916 10,
1610 2862 1641 2908 4
1738 2862 1794 2909 16
1827 2860 2001 2910 Psalm.
2034 2859 2201 2908 LXXV
2235 2862 2264 2908 6

1316 3020 1331 3064 1
1367 3014 1456 3063 illa
1489 3029 1577 3063 om.
1603 3015 1716 3063 P'T
1805 3017 1834 3064 2
1864 3018 1918 3062 et
1946 3018 2135 3063 tantum
2170 3021 2277 3074 (om.
2313 3018 2424 3076 que)
2459 3015 2505 3062 V
2592 3015 2622 3063 3
2656 3029 2710 3062 eo
2746 3016 2793 3069 (o
2825 3028 2888 3062 m:
2921 3015 3041 3073 ⁸)ss
3073 3026 3167 3062 eum
3192 3008 3226 3055 Υ

1247 3096 1276 3144 5
1310 3091 1520 3141 infundit
1549 3092 1701 3141 ΒΕΓ
1727 3093 1906 3142 infudit
1939 3093 1989 3151 (d
2021 3094 2078 3140 in
2109 3096 2228 3153 ras.)
2262 3093 2314 3141 D
2440 3094 2582 3142 etiam
2615 3107 2703 3141 om.
2742 3092 2920 3140 OB⁴N¹
3046 3095 3094 3140 in
3123 3091 3223 3153 (ap-

1246 3172 1316 3231 D)
1348 3172 1481 3233 ligna
1511 3171 1736 3219 siluarum
1760 3172 1866 3220 DT
1955 3173 1983 3220 6
2018 3176 2067 3220 et
2091 3176 2146 3219 ut
2168 3172 2220 3220 D
2316 3173 2341 3219 7
2377 3171 2641 3234 possideret
2654 3177 2768 3232 post
2792 3170 3072 3219 dedicatum
3092 3175 3227 3218 nmo·

1238 3250 1383 3312 ponit
1422 3249 1469 3296 V
1621 3250 1915 3312 apostolatus
1935 3287 1944 3297 .
1967 3288 1975 3296 .
1998 3287 2007 3296 .
2027 3249 2218 3298 dedicat
2249 3250 2338 3297 del.
2372 3253 2445 3296 ml
2466 3250 2523 3304 ἳῐ.
2556 3263 2647 3299 om.
2679 3249 2792 3298 u‘E
2932 3249 2963 3297 8
2993 3247 3173 3296 muneri
3193 3244 3228 3293 Ι

1246 3329 1453 3376 muneris
1493 3328 1538 3376 T
1659 3328 1928 3377 dedicatum
1964 3329 2017 3386 V,
2050 3343 2138 3376 om.
2172 3328 2332 3385 ΕΒΑ,
2367 3328 2560 3377 dedicat
2590 3333 2672 3376 cet,
2706 3332 2830 3388 (exp.
2861 3327 2921 3375 in
2943 3327 3016 3386 D)
3142 3321 3227 3382 ille]

1249 3407 1465 3469 princeps
1499 3407 1637 3454 huius
1671 3407 1833 3455 mundi
1861 3407 2031 3455 GB‘N‘
2129 3407 2185 3455 10
2217 3407 2430 3455 seruulos
2456 3407 2501 3454 1²
2533 3407 2584 3468 (u
2617 3407 2704 3456 alt.
2736 3420 2796 3454 ex
2826 3407 2875 3463 o)
2901 3411 2986 3455 cet.
3114 3400 3229 3451 clari·

1247 3488 1397 3534 tatem
1430 3485 1573 3533 PRB
1734 3487 1789 3534 12
1822 3485 1981 3534 sobria
2012 3486 2157 3534 ΕΒΑ
2318 3486 2374 3535 13
2413 3485 2693 3547 insipientes
2725 3488 2767 3543 (s
2800 3483 2888 3532 alt.
2925 3483 3042 3532 add.
3074 3481 3171 3543 2⁸3)
3198 3478 3233 3526 P

1252 3565 1309 3612 14
1342 3566 1455 3611 sunt
1485 3562 1596 3624 sibi]
1635 3577 1656 3609 s
1689 3563 1745 3625 (s.
1770 3565 1838 3623 u.)
1870 3563 1962 3611 sibi
1988 3567 2097 3622 (om.
2125 3567 2256 3623 sunt)
2281 3563 2341 3609 P‘
2367 3564 2461 3612 sibi
2486 3566 2598 3610 sunt
2625 3561 2796 3611 03¹N'
2896 3562 2955 3611 15
2985 3561 3231 3609 uuluuntur

1248 3641 1298 3690 R
1332 3646 1471 3699 (conr.
1505 3645 1596 3698 ml)
1631 3641 1679 3688 Β
1804 3644 1938 3689 aestu
1971 3642 2230 3690 uoluuntur
2264 3641 2434 3690 CB‘N'
2559 3640 2658 3689 solo
2703 3640 2746 3686 V
2773 3638 2888 3688 stilo
2921 3641 2970 3688 Δ
3077 3638 3134 3687 16
3161 3634 3230 3699 qui

1250 3725 1408 3772 autem
1441 3720 1539 3767 sint
1563 3720 1651 3767 visti
1685 3720 1913 3782 prophete
1946 3721 2237 3782 significauit
2273 3719 2440 3768 CB‘N‘
2608 3719 2689 3782 qui
2720 3722 2884 3767 autem
2919 3722 3098 3778 (autem
3127 3732 3162 3766 s.
3188 3728 3228 3761 ι

1249 3800 1349 3861 m2)
1390 3798 1431 3845 V
1570 3798 1652 3845 isti
1683 3784 1975 3860 significauit
2003 3799 2060 3845 in
2088 3812 2186 3846 ras.
2222 3798 2270 3844 P
2409 3813 2624 3860 expresse
2655 3797 2952 3860 significauit
2988 3797 3035 3844 V
3165 3807 3228 3842 ex·

1248 3890 1408 3938 presse
1441 3890 1529 3924 οηι.
1569 3875 1735 3924 ΟΒἾΨ
1936 3876 1993 3925 18
2026 3876 2260 3939 apellauit
2285 3876 2333 3925 P
2505 3876 2562 3924 19
2596 3876 2712 3938 suis]
2748 3890 2779 3923 a
2808 3876 2911 3924 suis
2942 3868 3234 3924 RBAP'DT

1313 3953 1551 4016 posse-ieri
1583 3955 1631 4000 P
1723 3955 1783 4003 20
1814 3955 2097 4017 possessoris
2130 3955 2163 4016 (i
2199 3969 2255 4003 a
2288 3957 2331 4014 e)
2368 3954 2412 4001 P
