4242 4694
1114 549 1234 607 386
1926 545 2312 612 [Ambrosii]

1119 719 1269 793 quis
1324 719 1498 779 liber
1551 719 1814 794 repudii
1869 720 2105 780 matris
2153 723 2445 790 uestrae,
2495 737 2620 793 quo
2672 719 2905 779 dimisi
2951 718 3111 779 eam?

1120 815 1226 873 hoc
1283 813 1460 890 igitur
1513 830 1715 890 genere
1772 814 2031 874 Christus
2086 814 2356 873 familiam
2413 830 2573 872 suam
2622 814 2836 873 nudam
2886 814 3030 873 uidit
3069 819 3114 874 et

1120 909 1364 978 amauit3
1407 912 1558 967 amat
1588 908 1735 967 enim
1769 913 2019 968 sanctam
2053 909 2308 969 Christus
2341 909 2600 968 animam.
2633 909 2880 984 denique
2913 910 3115 970 amabat

1120 1003 1282 1061 Iesus
1328 1003 1599 1061 Lazarum
1647 1006 1704 1061 et
1748 1003 2002 1073 Mariam,
2051 1003 2276 1062 amabat
2323 1003 2579 1064 Christus
2629 1003 2935 1063 ecclesiam
2975 1021 3113 1064 suam

1123 1097 1389 1172 quamuis.
1451 1097 1676 1169 nudam,
1747 1098 2008 1171 quamuis
2078 1098 2259 1157 adhuc
2337 1099 2493 1157 nullo
2571 1098 2854 1156 uix-tutum
2936 1098 3113 1158 decore
3143 1110 3161 1149 ⁸

1122 1192 1407 1251 uestitam.

1045 1312 1121 1369 42
1202 1286 1459 1361 Denique
1510 1288 1578 1344 ut
1631 1286 1881 1346 sciamus
1934 1287 2252 1361 propositae
2306 1285 2666 1363 dispositioni
2728 1285 3116 1362 seripturarum

1125 1380 1326 1439 seriem
1366 1380 1683 1450 conuenire,
1724 1379 2007 1439 discamus
2046 1380 2343 1441 ecclesiam
2383 1380 2608 1451 nudam,
2649 1379 2943 1439 discamus
2972 1396 3115 1456 quae-

1123 1476 1357 1545 rentem,
1420 1473 1777 1533 festinantem
1842 1478 1901 1533 et
1958 1475 2242 1535 leuantem
2305 1491 2367 1534 se
2430 1478 2557 1534 ante
2612 1475 2848 1534 domum
2904 1473 3113 1545 christi.

1127 1568 1346 1643 quando
1385 1568 1706 1644 baptizabat
1742 1569 2018 1629 Iohannes
2055 1570 2113 1628 in
2153 1569 2385 1628 Iordane
2425 1569 2649 1629 dicens:
2700 1585 2823 1646 ego
2873 1569 3165 1646 quiden·

1126 1663 1397 1736 baptizo
1441 1680 1559 1722 uos
1597 1663 1661 1721 in
1704 1680 1874 1739 aqua
1910 1663 1975 1722 in
2014 1663 2517 1740 paenitentiam,
2552 1663 2664 1737 qui
2693 1666 2924 1723 autem
2958 1663 3118 1724 uenit

1126 1759 1285 1832 post
1323 1775 1421 1816 me
1459 1758 1701 1817 fortior
1739 1775 1836 1816 me
1877 1762 2004 1831 est,
2047 1759 2240 1818 cuius
2281 1775 2403 1817 non
2447 1775 2587 1816 sum
2621 1758 2868 1834 dignus
2903 1759 3117 1821 calcis·
3196 1809 3199 1816 .

1129 1854 1348 1916 menta
1383 1855 1668 1927 portare.
1709 1853 1856 1927 ipse
1896 1870 2017 1912 uos
2056 1853 2432 1927 baptizabit
2470 1853 2537 1911 in
2586 1853 2839 1927 spiritu
2890 1855 3117 1914 sancto.

1131 1962 1262 2022 ergo
1326 1946 1545 2021 quando
1611 1946 1998 2021 baptizabatur
2050 1946 2210 2021 plebs
2265 1946 2322 2004 in
2374 1945 2791 2021 paenitentiam,
2852 1947 3110 2007 Christ-

1129 2040 1325 2116 utique
1382 2040 1574 2100 domui
1629 2041 1751 2101 eius
1805 2041 1917 2100 iam
1976 2041 2163 2100 uicina
2217 2040 2535 2115 quaerebat,
2592 2043 2657 2100 ut
2702 2043 3040 2115 perueniret
3064 2038 3143 2102 d·

1132 2135 1387 2211 gratiam.
1428 2135 1727 2211 quaerebat
1765 2151 1895 2212 ergo
1934 2135 1993 2193 in
2033 2135 2277 2193 Iohanne
2318 2134 2607 2195 Christum
2648 2134 2892 2195 eeclesia
2928 2136 3122 2198 dicun

1133 2229 1453 2288 adnuntia
1491 2229 1653 2289 mihi
1694 2246 1883 2304 quem
1924 2229 2166 2288 dilexit
2203 2229 2419 2288 anima
2456 2246 2618 2301 mea,
2666 2230 2865 2303 ipsum
2918 2245 3125 2292 cumn
3185 2230 3199 2285 G

1134 2324 1413 2407 desiderii,
1452 2324 1640 2398 ipsum
1682 2341 1906 2383 causam
1945 2324 2158 2383 lauacri
2196 2324 2306 2383 sibi
2345 2340 2470 2383 esse
2509 2340 2965 2398 conmemorans,
2995 2324 3120 2386 dat

1135 2419 1342 2478 habes:
1391 2419 1581 2477 fusca
1628 2436 1769 2477 sum
1820 2421 1887 2476 et
1935 2419 2194 2490 decora,
2233 2420 2425 2478 filiae
2464 2420 2926 2490 Hierusalem,
2963 2417 3116 2480 sicut

1135 2513 1636 2572 tabernaculum
1671 2511 1901 2584 Cedar,
1936 2519 2011 2571 ut
2040 2513 2242 2588 pellis
2276 2512 2668 2572 Salomonis.
2702 2513 2885 2573 habes
2920 2524 3178 2573 mmmm

1136 2624 1247 2682 qua
1268 2608 1481 2666 ratione
1504 2624 1565 2666 se
1595 2608 1784 2666 lauare
1816 2607 2041 2683 gestiat,
2077 2608 2208 2682 quia
2236 2608 2457 2667 fuscam
2488 2625 2550 2666 se
2584 2624 2705 2666 esse
2742 2607 3126 2667 conmemorat.

1136 2720 1265 2761 nam
1304 2703 1465 2778 quasi
1501 2703 1864 2778 interroganti
1902 2703 2134 2761 Iohanni
2173 2719 2284 2776 qua
2321 2703 2535 2762 ratione
2575 2702 2734 2777 plebs
2785 2704 2978 2761 multa
3023 2717 3133 2760 con·

1139 2813 1361 2855 currens
1429 2797 1663 2873 gestiret
1722 2797 1899 2855 lauari
1959 2797 2243 2872 respondit
2305 2796 2529 2856 dicens:
2601 2797 2794 2855 fusca
2869 2815 3017 2857 sum
3083 2797 3136 2854 et

1141 2891 1401 2961 decora,
1434 2892 1623 2950 filiae
1656 2891 2094 2950 Hierusalem.
2128 2893 2262 2965 quia
2290 2892 2451 2950 fusca
2482 2896 2587 2961 est,
2620 2890 2799 2949 lauari
2835 2891 3138 2958 desiderat3

1140 2986 1273 3061 quia
1334 2985 1534 3045 decora
1596 2989 1701 3058 est,
1766 2985 1946 3044 uideri
2008 2986 2157 3045 nuda
2220 3002 2327 3044 non
2391 2985 2609 3043 metuit.
2678 2985 2896 3044 nolite
2968 2984 3143 3060 inquit
3158 2977 3199 3034 ⁸¹

1298 3220 1323 3268 1
1357 3218 1488 3269 Enni.
1521 3217 1596 3277 50.
1631 3217 1656 3266 1
1753 3218 1787 3267 4
1816 3216 1922 3267 Iob.
1956 3218 2030 3276 11,
2064 3218 2124 3267 36
2156 3217 2268 3270 Luc.
2303 3216 2378 3274 10,
2400 3217 2472 3265 *39
2504 3230 2609 3280 sqq.
2705 3216 2766 3265 10
2796 3216 2978 3265 north.
3014 3217 3062 3278 8,
3092 3214 3136 3265 11

1146 3298 1372 3349 17Cant.
1408 3299 1450 3354 1,
1485 3300 1513 3346 7
1610 3296 1839 3347 locant.
1876 3297 1918 3354 1,
1952 3300 1981 3347 5
2076 3295 2386 3353 ascantl,
2417 3297 2448 3344 6

1205 3432 1236 3480 2
1280 3446 1452 3495 genere
1495 3447 1587 3481 om.
1627 3430 1736 3488 TN,
1773 3433 1890 3492 post
1922 3429 2139 3479 Christus
2171 3430 2452 3491 transponit
2480 3427 2546 3478 Ρ
2642 3429 2672 3478 3
2707 3427 2860 3491 amat]
2897 3428 3084 3477 amauit
3107 3423 3147 3474 X

1170 3498 1355 3598 ‘xps
1324 3545 1536 3583 sanctam
1576 3534 1620 3583 Τ
1646 3550 1732 3597 xps
1763 3537 1976 3583 sanctam
2006 3534 2060 3583 D
2167 3534 2200 3582 4
2232 3536 2283 3582 et
2311 3533 2521 3582 lazarum
2552 3530 2665 3580 PM
2765 3530 2795 3579 5
2826 3530 2967 3578 nullo
3002 3528 3149 3579 adbuc

1147 3614 1271 3670 ΒΡ,
1306 3614 1458 3662 adhuc
1489 3628 1579 3662 σπι.
1613 3614 1740 3662 B¹P¹
1834 3615 1860 3662 7
1896 3613 2196 3675 dispositioni
2235 3610 2334 3661 TN
2359 3610 2674 3672 disputationi
2709 3613 2792 3658 cet.
2897 3609 2952 3657 11
2990 3606 3147 3671 paeni·

1147 3693 1349 3741 tentiam
1378 3693 1618 3742 Erasmus
1647 3693 1943 3756 paenitentia
1974 3693 2091 3741 libri
2241 3692 2298 3739 16
2329 3690 2382 3739 in
2412 3688 2511 3739 TN
2537 3702 2567 3736 a
2597 3687 2713 3736 ΒΜ
2743 3686 2801 3735 de
2832 3687 2896 3742 Ρ,
2932 3702 3024 3735 σοι.
3056 3690 3146 3741 est„

1146 3771 1204 3819 in
1234 3772 1408 3833 quibus
1438 3771 1688 3820 iohannem
1715 3761 1800 3835 x—pi
1958 3771 2015 3819 17
2050 3770 2213 3832 diligit
2242 3786 2273 3832 χ
2434 3768 2493 3818 19
2524 3767 2651 3815 filiae
2692 3765 2905 3814 TDNT'¹
2937 3765 3040 3814 filis
3069 3767 3144 3812 eet.

1210 3851 1335 3898 sicut
1373 3849 1471 3899 TN
1497 3853 1554 3898 ut
1583 3855 1667 3899 cet.
1793 3850 1856 3900 20
1885 3849 2195 3898 tabernacula
2225 3846 2342 3897 DB‘
2469 3846 2617 3909 pelles
2649 3844 2704 3893 D
2737 3849 2807 3905 (es
2839 3859 2903 3893 ex
2932 3845 2995 3902 is)
3029 3841 3145 3890 B‘P'

1209 3928 1389 3989 habens
1421 3928 1477 3977 N
1589 3930 1649 3977 21
1685 3928 1814 3991 quia]
1851 3943 1971 3990 quae
2002 3945 2035 3991 χ
2159 3927 2224 3976 23
2257 3926 2418 3976 dicens
2456 3923 2565 3981 TN,
2598 3938 2687 3972 om.
2721 3929 2806 3973 cet.
2938 3924 3000 3973 24
3029 3921 3147 3970 filiu

1157 4006 1364 4059 TDNT‘
1397 4007 1496 4056 fllia
1527 4013 1612 4056 cet.
