4242 4694
1099 1595 1146 1631 10

1093 2064 1140 2098 15

1339 557 1412 605 De
1434 556 1821 619 interpellatione
1836 557 1922 605 Iob
1950 560 2000 605 et
2013 557 2173 606 Dauid
2189 557 2212 605 1
2231 559 2366 612 1-3,
2382 559 2507 607 3--6
2540 558 2581 620 (Ι
2597 559 2689 609 626
2706 559 2902 610 Α-627
2919 561 2998 622 Ε).
3059 566 3172 622 213

1182 728 1425 787 aduertit
1480 746 1513 786 a
1568 728 1787 787 domino
1845 728 2031 787 datam
2085 730 2142 787 in
2208 748 2267 788 se
2331 730 2646 790 aduersario
2712 733 3021 806 temptandi
3083 735 3173 792 sui

1184 825 1540 896 potestatem.
1591 826 1649 881 et
1695 824 1951 896 quamuis
2000 825 2236 899 sagittas
2286 824 2490 882 domini
2538 825 2595 883 in
2637 843 2862 901 corpore
2902 844 3005 885 suo
3047 845 3171 887 esse

1185 917 1433 986 sentiret,
1498 918 1702 992 quibus
1767 934 1826 976 se
1889 920 2170 993 conpungi
2233 919 2459 985 diceret,
2524 924 2710 978 tamen
2777 921 2936 993 quasi
2994 922 3172 980 bonus

1184 1012 1409 1080 athleta,
1452 1013 1549 1086 qui
1591 1012 1767 1070 dolori
1806 1030 1911 1072 non
1955 1013 2175 1071 cederet
2214 1031 2314 1072 nec
2355 1012 2492 1071 dura
2524 1014 2838 1072 certaminis
2870 1020 3172 1088 recusaret,

1183 1105 1429 1164 addidit:
1471 1106 1835 1181 incipiens
1878 1106 2204 1164 dominus
2245 1109 2595 1177 uulneret,
2635 1108 2703 1166 in
2743 1108 2889 1167 fine
2939 1111 3172 1167 autem

1183 1215 1313 1256 non
1384 1217 1485 1257 me
1557 1200 1880 1273 perimat.
1956 1217 2131 1273 quae
2205 1202 2383 1258 enim
2455 1219 2602 1259 mea
2670 1202 2932 1272 uirtus,
3004 1203 3170 1275 quia

1182 1294 1527 1363 sustineo,
1608 1298 1729 1352 ant
1799 1294 1979 1368 quod
2052 1311 2273 1353 meum
2343 1299 2641 1370 tempus,
2712 1299 2791 1354 ut
2861 1296 3172 1355 sufferat
3205 1302 3245 1349 Β

1180 1387 1411 1445 anima
1449 1391 1635 1447 mea?
1676 1388 2012 1462 numquid
2054 1388 2410 1447 fortitudo
2450 1389 2765 1463 lapidum
2807 1390 3165 1448 fortitudo

1178 1498 1329 1538 mea
1368 1485 1488 1540 aut-
1527 1499 1773 1541 carnes
1813 1498 2002 1541 meae
2042 1485 2213 1541 sunt
2252 1486 2540 1542 aereae?
2581 1487 2869 1543 autnon
2908 1483 3167 1558 inipso

1181 1575 1672 1637 confidebam?
1743 1575 2181 1634 adiutorium
2253 1579 2486 1635 autem
2557 1596 2590 1635 a
2658 1596 2759 1635 me
2837 1578 3164 1647 recessit,

1177 1670 1521 1730 uisitatio
1573 1673 1805 1729 autem
1855 1671 2012 1730 eius
2061 1671 2390 1746 despexit
2436 1690 2554 1730 me.
2605 1689 2828 1730 nonne
2876 1675 3166 1746 tempta-

1174 1766 1482 1822 mentum
1524 1771 1635 1823 est
1673 1765 1829 1823 uita
1869 1765 2177 1824 hominis
2218 1766 2284 1823 in
2318 1769 2509 1824 terra
2540 1769 2609 1824 et
2639 1767 2837 1824 sicut
2866 1782 3170 1823 mercen-

1177 1858 1361 1917 narii
1387 1858 1780 1917 cottidiani
1811 1859 1964 1917 uita
1996 1859 2151 1918 eius
2185 1862 2306 1918 aut
2338 1860 2533 1918 sicut
2565 1860 2870 1918 famulus
2903 1859 3163 1917 timens

1177 1952 1531 2011 dominnm
1598 1970 1814 2021 suum,
1879 1953 1999 2026 qui
2067 1969 2138 2011 se
2195 1954 2321 2013 sub
2381 1954 2620 2014 umbra
2676 1956 2987 2029 optegat‚
3044 1957 3168 2011 aut

1178 2045 1373 2104 sicut
1435 2046 1966 2104 mercennarius
2030 2050 2413 2121 expectans
2477 2046 2864 2105 mercedem
2930 2051 3164 2104 suam?

1177 2141 1281 2199 sic
1322 2142 1392 2197 et
1431 2156 1562 2216 ego
1605 2141 1987 2215 expectaui
2019 2158 2295 2200 menses
2329 2158 2613 2208 uacuos,
2646 2143 2896 2198 noctes
2930 2143 3163 2197 antem

1176 2233 1500 2292 dolorum
1532 2233 1740 2292 datae
1773 2235 2151 2293 suntmihi.
2179 2235 2239 2293 si
2265 2236 2647 2309 quiescam,
2672 2234 2860 2293 dico:
2886 2233 3160 2308 qnando

1175 2326 1373 2385 dies?
1432 2328 1491 2386 si
1542 2345 1841 2404 surgam,
1891 2328 2185 2387 iterum:
2237 2326 2510 2403 quando
2557 2331 2854 2403 uesper?
2903 2327 3159 2402 plenus
3202 2333 3242 2382 O

1175 2438 1322 2479 sum
1363 2421 1736 2481 doloribus
1779 2440 1812 2480 a
1849 2438 2144 2497 uespere
2184 2439 2407 2497 usqne
2446 2439 2658 2482 mane.
2692 2423 3172 2481 fermentatur

1172 2515 1344 2572 mihi
1408 2532 1663 2591 corpus
1734 2516 1802 2574 in
1873 2516 2254 2590 putredine
2323 2517 2688 2584 uermium‚
2761 2515 3165 2589 liquefacio

1172 2611 1391 2667 autem
1432 2610 1705 2685 glaebas
1747 2613 1981 2668 terrae
2022 2610 2287 2668 saniem
2328 2610 2586 2668 radens
2627 2611 2966 2669 ulcerum.
3010 2609 3168 2667 uita

1171 2706 1407 2761 autem
1445 2720 1593 2761 mea
1639 2703 1878 2762 leuior
1926 2707 2035 2762 est
2081 2704 2344 2772 fabula,
2393 2705 2461 2762 in
2512 2720 2633 2778 spe
2681 2720 2909 2762 uacua
2956 2703 3164 2777 perit.

1172 2796 1430 2855 dicam:
1473 2797 1977 2856 consolabitur
2007 2815 2108 2855 me
2149 2799 2390 2856 lectus
2430 2816 2641 2856 meus.
2683 2801 2914 2855 terres
2956 2797 3160 2854 mein

1172 2891 1475 2948 somniis
1518 2894 1587 2949 et
1623 2892 1690 2948 in
1734 2891 2146 2950 uisionibus
2187 2910 2287 2949 me
2326 2893 2691 2965 percellis,

1243 2983 1426 3055 Quam
1488 2984 1691 3042 misera
1752 2985 1990 3042 hominis
2054 2985 2322 3054 condicio,
2381 3002 2520 3059 quae
2576 2986 2736 3059 quasi
2791 2984 3167 3043 mercennaria
3195 2973 3253 3040 D'

1171 3077 1297 3136 aliis
1337 3078 1569 3147 laborat,
1610 3077 1719 3136 sibi
1755 3077 1974 3154 indiget
2005 3083 2063 3138 et
2091 3079 2199 3136 nisi
2233 3079 2413 3137 aliena
2443 3080 2821 3140 misericordia
2853 3081 3163 3137 sustentare

1170 3188 1231 3228 se
1269 3171 1495 3245 nequit!
1537 3172 1766 3231 cottidie
1807 3173 1911 3231 sub
1951 3173 2261 3242 formidine,
2296 3174 2400 3232 sub
2433 3175 2630 3232 timore
2662 3191 2888 3249 grauem
2920 3173 3161 3230 tolerans

1171 3266 1500 3324 seruitutem
1556 3270 1630 3337 et,
1685 3282 1752 3324 ne
1809 3266 2250 3340 deprehendatur
2303 3285 2337 3325 a
2390 3268 2630 3338 domino,
2694 3267 2928 3325 erratica
2994 3268 3158 3338 atque
3200 3274 3242 3322 Ε

1169 3359 1412 3434 fugitiua
1467 3361 1570 3418 sub
1625 3361 1821 3418 umbra
1876 3361 2113 3434 quadam
2171 3362 2378 3420 saeculi
2436 3362 2604 3420 huius
2661 3363 2822 3435 putat
2879 3377 2940 3418 se
2996 3376 3163 3434 posse

1329 3513 1352 3561 1
1388 3513 1474 3561 Iob
1509 3514 1553 3570 2,
1589 3516 1615 3562 7
1756 3515 1786 3562 2
1817 3513 1904 3562 lob
1939 3514 1982 3571 6,
2014 3517 2047 3563 4
2186 3516 2215 3563 5
2247 3514 2334 3563 Iob
2368 3517 2413 3572 6,
2447 3517 2476 3563 9
2509 3520 2558 3564 et
2592 3516 2776 3563 11-14
2905 3514 2958 3562 11
2993 3512 3081 3562 Iob
3115 3514 3161 3568 7,

1171 3592 1291 3640 1—6
1325 3593 1376 3639 et
1409 3593 1465 3640 13
1498 3607 1568 3653 sq.

1232 3686 1261 3734 3
1292 3701 1321 3733 a
1355 3686 1526 3748 quibus
1550 3686 1599 3734 Β
1632 3690 1680 3744 (a
1711 3686 1766 3732 in
1797 3699 1885 3746 my.
1918 3688 2017 3744 ΜΞ)
2044 3685 2096 3734 D
2189 3686 2217 3734 6
2248 3701 2323 3736 ino
2348 3701 2438 3737 om.
2462 3688 2577 3737 DP‘
2672 3688 2785 3750 qnia
2807 3687 2856 3735 Β
2878 3683 3164 3749 (su-LXX)

1170 3763 1252 3825 qui
1283 3768 1366 3814 cet.
1449 3764 1477 3811 7
1511 3768 1730 3811 susteneo
1763 3762 1813 3810 P
1887 3764 1916 3812 9
1949 3777 2115 3812 aereae
2147 3768 2260 3813 sunt
2290 3765 2339 3812 Β
2419 3766 2477 3813 12
2508 3766 2559 3822 in
2582 3766 2630 3813 Β
2723 3780 2867 3826 super
2896 3766 3025 3817 tarra
3045 3761 3162 3810 DP‘

1173 3842 1229 3890 19
1262 3856 1410 3904 nsque
1436 3842 1497 3891 ad
1521 3842 1574 3891 D
1650 3845 1712 3892 20
1743 3841 1994 3905 pudridine
2015 3843 2065 3891 P
2139 3845 2197 3892 21
2233 3844 2398 3907 glebas
2425 3844 2473 3891 Β
2495 3845 2569 3907 (in
2590 3859 2680 3906 my.
2704 3847 2805 3904 m2)
2833 3848 2914 3892 cet.
2995 3843 3055 3890 22
3087 3841 3159 3889 fa-

1169 3919 1284 3967 bula
1312 3920 1407 3968 PB
1438 3920 1606 3969 fanilla
1636 3920 1686 3969 P
1712 3921 1767 3969 in
1799 3936 1886 3983 my.
1919 3925 2003 3969 m2
2032 3922 2081 3969 Β
2111 3922 2167 3969 in
2198 3937 2287 3985 my.
2317 3924 2401 3969 ¹222
2433 3927 2517 3970 cet.
2611 3923 2672 3970 23
2703 3921 2908 3970 lectulus
2939 3921 2988 3969 B
3021 3920 3087 3979 (lu
3120 3934 3158 3967 s.

1169 4014 1217 4048 u.
1249 4001 1349 4057 22⁸2)
1381 3999 1434 4048 D
1528 4000 1589 4046 27
1623 3997 1853 4047 cottidiae
1882 3999 1932 4047 P
1961 4003 2011 4057 (n
2044 3999 2155 4059 del.)
2251 4000 2312 4048 29
2342 4000 2593 4062 futigitiua
2622 3999 2672 4047 P
2702 4000 2762 4057 (ti
2784 4014 2865 4061 pr.
2899 3998 3011 4058 del.)
3120 4004 3122 4007 ’
