4242 4694
1034 531 1150 588 286
1862 526 2209 575 Ambrosii

1030 701 1328 769 iustorum,
1361 699 1619 773 quoniam
1654 696 1722 754 ad
1755 696 2001 754 omnium
2035 695 2465 770 redemptionem
2498 704 2877 771 cognouerant
2916 717 3047 758 esse

1033 798 1331 852 uenturum
1360 835 1587 853 ......
1615 808 1832 865 quoque
1874 791 2277 861 uniuersorum,
2320 791 2524 865 quibus
2566 792 2893 866 euangelico
2933 797 3045 852 tra-

1034 890 1170 947 mite
1193 889 1343 946 uiam
1367 888 1596 945 uirtutis
1617 885 1853 958 aperiret
1875 884 2255 959 bonorumque
2280 902 2509 958 operum
2543 886 2771 943 semitas
2806 886 3045 944 demon·
3162 891 3174 941 l

1033 985 1253 1054 strar-et,
1295 983 1442 1040 sicut
1480 981 1600 1054 ipse
1642 980 1776 1038 dixit
1818 979 1874 1036 in
1906 978 2250 1038 Prouerbiis:
2293 979 2592 1038 dominus
2635 975 2895 1038 creauit
2939 999 3043 1039 me

1033 1077 1441 1152 principium
1487 1076 1743 1132 uiarum
1792 1089 2072 1130 suarum.
2122 1072 2247 1130 ideo
2288 1089 2414 1147 ergo
2460 1073 2746 1130 dicebatur
2787 1075 2867 1131 ei:
2922 1075 3041 1133 ubi
3099 1098 3123 1131 ε.

1031 1174 1138 1229 est
1174 1170 1335 1228 deus
1376 1172 1571 1226 tuus?
1614 1168 1744 1241 quia
1784 1167 1964 1224 adhuc
1997 1183 2102 1224 non
2135 1170 2365 1224 uenerat·
2398 1167 2672 1237 ChristuS,
2707 1169 2805 1226 sed
2846 1186 3040 1242 spera·

1036 1266 1214 1324 batur.
1269 1263 1553 1322 saeuiebat
1605 1279 1736 1336 ergo
1790 1261 2064 1329 diabolus,
2108 1264 2171 1319 ut
2225 1261 2500 1320 obtereret
2540 1279 2677 1336 quos
2718 1263 2940 1320 sciebat
2977 1264 3040 1321 in

1033 1360 1340 1418 aduentum
1399 1357 1605 1416 domini
1662 1357 1983 1422 credituros,
2043 1360 2100 1413 et
2163 1366 2347 1422 <eos>
2407 1357 2643 1415 diuersis
2708 1357 3041 1415 adflictabat

1033 1454 1235 1513 exitiis.
1290 1453 1609 1526 interpellat
1664 1468 1792 1525 ergo
1840 1451 2041 1513 Dauid,
2091 1453 2157 1508 ut
2203 1454 2509 1509 morantem
2569 1451 2769 1509 excitet
2822 1458 3038 1526 questu

1031 1549 1373 1624 prophetico,
1427 1546 1687 1604 festinare
1750 1550 1961 1620 urgeat,
2022 1545 2311 1603 admoneat
2376 1545 2688 1603 subuenire.
2754 1545 3035 1605 habemus
3068 1569 3110 1607 ιο

1032 1642 1457 1702 similitudinem
1497 1640 1664 1698 huius
1695 1639 2155 1711 interpellationis
2190 1639 2354 1697 etiam
2389 1641 2445 1697 in
2478 1640 2898 1712 posterioribus,
2933 1642 3036 1700 ubi
3137 1644 3169 1695 r

1036 1737 1172 1795 dicit
1225 1735 1373 1793 idem
1430 1735 1720 1809 propheta:
1777 1736 1850 1790 ut
1903 1733 2057 1806 quid
2114 1734 2474 1807 reppulisti
2532 1751 2662 1799 nos,
2721 1734 2902 1801 deus,
2963 1736 3030 1793 in

1034 1830 1273 1887 finem?
1316 1833 1374 1886 et
1412 1829 1489 1886 ibi
1530 1831 1715 1901 aperte
1757 1827 1904 1902 quod
1946 1829 2387 1902 congregationis
2429 1846 2562 1886 suae
2604 1829 2811 1887 oblitus
2854 1829 2933 1887 sit
2974 1834 3035 1887 et

1032 1925 1251 1998 uirgam
1290 1940 1424 1980 suae
1464 1922 1784 1980 hereditatis
1827 1922 2090 1979 abiecerit
2120 1921 2379 1980 flebiliter
2427 1922 2740 1997 deplorauit
2780 1927 2837 1982 et
2877 1925 3030 1997 quod

1031 2020 1090 2076 in
1147 2018 1362 2092 plebem
1421 2016 1509 2074 dei
1564 2017 1954 2074 insurrexerint
2008 2016 2129 2074 eius
2169 2016 2397 2084 inimici,
2439 2017 2504 2075 de
2546 2018 2749 2092 quibus
2799 2018 2904 2076 ait:
2964 2022 3031 2076 et
3062 2037 3103 2075 ιο

1037 2111 1311 2188 gloriati
1361 2114 1516 2169 suut
1561 2110 1672 2185 qui
1725 2110 2002 2168 oderunt
2049 2114 2113 2168 te
2163 2110 2223 2168 in
2266 2112 2478 2169 medio
2520 2112 2680 2169 festi
2719 2111 2839 2170 tui.
2883 2113 3028 2170 forte

1037 2207 1128 2263 iiic
1160 2205 1469 2264 uersiculus
1501 2206 1782 2262 uideretur
1804 2204 2058 2277 Assyrios
2093 2205 2383 2274 declarare,
2417 2206 2512 2279 qui
2543 2206 3029 2279 triumphauerunt

1038 2300 1306 2374 populum
1347 2299 1702 2367 Iudaeorum,
1740 2299 1847 2356 nisi
1888 2302 2233 2372 sequeretur:
2273 2305 2638 2373 posuerunt
2679 2301 2869 2374 signa
2911 2320 3026 2360 sua

1034 2396 1244 2469 signa,
1302 2399 1367 2451 et
1421 2412 1542 2451 non
1599 2393 1894 2468 cognoui.
1952 2395 2111 2468 signa
2152 2411 2370 2468 semper
2407 2395 2463 2451 in
2506 2395 2648 2453 bello
2692 2399 2840 2466 suut,
2885 2414 3021 2471 quae

1033 2488 1395 2562 proeliatur-os
1463 2488 1670 2561 praeire
1735 2491 2067 2545 consuerunt
2129 2491 2186 2544 et
2249 2504 2442 2563 agmen
2510 2491 2707 2548 ducere
2765 2492 3016 2550 militare.
3047 2509 3092 2546 to

1033 2583 1416 2655 unusquisque
1479 2599 1739 2639 numerus
1803 2586 1900 2639 aut
1959 2583 2106 2657 legio
2165 2583 2323 2657 signa
2379 2585 2629 2655 sequitur
2683 2602 2803 2644 sua.
2863 2591 2917 2643 et
2964 2585 3012 2642 si

1033 2678 1278 2753 dispersi
1309 2678 1515 2734 fuerint
1553 2675 1822 2734 bellorum
1857 2679 2120 2747 tumultu,
2156 2695 2219 2735 eo
2262 2678 2357 2735 ubi
2400 2678 2558 2752 signa
2597 2696 2695 2734 sua
2740 2697 2867 2739 esse
2901 2695 3014 2755 per·

1189 2896 1220 2941 4
1250 2893 1474 2941 Prouerb.
1510 2893 1553 2947 8.
1587 2895 1646 2941 22
1744 2895 1800 2942 12
1833 2894 2004 2944 Psalm.
2039 2893 2235 2942 LXXIII
2264 2895 2285 2942 1
2388 2895 2443 2942 13
2476 2894 2648 2943 Psalm.
2676 2893 2881 2944 Lxxm
2902 2899 2932 2945 2
2956 2912 3026 2960 sq.

1037 2973 1095 3019 15
1127 2971 1299 3019 Psalm.
1335 2970 1533 3019 LXXIII
1566 2974 1594 3019 4
1692 2972 1748 3019 18
1782 2973 1954 3019 Psalm.
1989 2972 2188 3019 LXXIII
2221 2976 2251 3020 4
2283 2986 2353 3034 sq.

1101 3128 1122 3175 l
1172 3127 1390 3175 lacunam
1430 3128 1731 3188 significum,-
1769 3128 1945 3176 excidit
1982 3129 2096 3185 fort.
2129 3131 2313 3175 mentes
2345 3128 2751 3187 inluminaturu1n;
2798 3131 3031 3193 quoniam

1031 3205 1094 3251 ad
1127 3207 1334 3253 omnium
1360 3205 1440 3260 (ad
1464 3207 1666 3253 omnium
1694 3221 1783 3253 om.
1810 3205 1869 3266 C)
1901 3205 2268 3267 redemptionem
2301 3211 2622 3267 cognouerant
2644 3221 2746 3256 esse
2772 3213 3029 3259 uenturum

1037 3287 1302 3340 (uenturam
1329 3282 1388 3343 0)
1415 3299 1598 3346 quoque
1633 3283 1872 3346 (quodque
1895 3286 1943 3332 P
1974 3285 2004 3332 d
2035 3300 2072 3332 8.
2105 3300 2168 3338 u..
2205 3289 2254 3332 et
2276 3286 2402 3339 ΠΡ,
2436 3287 2519 3346 qui
2549 3300 2637 3334 om.
2672 3292 2884 3349 quoque)
2920 3291 3006 3338 uni

1034 3376 1275 3410 uersorum
1315 3363 1517 3410 PDPc'
1561 3364 1784 3425 qnoniam
1831 3362 1890 3410 ad
1940 3364 2143 3411 omnium
2194 3363 2335 3411 corda
2381 3366 2608 3412 iustorum
2650 3364 3027 3428 redemptionem

1035 3442 1248 3500 gentium
1282 3446 1601 3502 cognouerant
1633 3456 1736 3489 esse
1770 3445 2016 3490 uenturum
2051 3457 2245 3505 quorum
2279 3444 2601 3490 uniuersorum
2634 3445 2680 3491 B
2714 3446 2788 3498 (in
2819 3460 2909 3507 my.
2945 3450 3030 3495 „22

1033 3519 1087 3563 εἴ
1119 3520 1339 3579 quoniam
1373 3520 1432 3566 ad
1466 3520 1832 3582 redemptionem
1870 3526 2191 3582 cognouerant
2222 3522 2557 3570 uniuersorum.
2601 3537 2798 3583 quorum
2832 3525 3027 3573 uniuer-

1035 3595 1243 3654 sorum?)
1341 3598 1369 3645 3
1403 3598 1619 3644 ueritatis
1653 3597 1764 3645 DP‘
1856 3601 1885 3646 4
1919 3598 2034 3646 dicit
2066 3599 2176 3646 DP‘
2272 3600 2300 3647 8
2333 3600 2540 3649 aduentu
2573 3601 2733 3649 BDP‘
2861 3609 2911 3650 et
2944 3618 3027 3651 eos

1030 3674 1205 3734 scripsi
1235 3676 1286 3721 et
1307 3675 1481 3729 BDP'‚
1516 3690 1604 3724 om.
1631 3676 1724 3724 PC
1814 3678 1841 3724 9
1877 3677 2079 3726 exicidet
2102 3678 2150 3724 P
2172 3680 2206 3737 (i
2231 3693 2308 3739 pr.
2336 3693 2471 3730 eras..
2501 3695 2525 3727 e
2548 3680 2633 3727 alt.
2661 3694 2717 3727 ex
2742 3680 2779 3742 i)
2908 3696 3026 3745 que—

1033 3756 1111 3800 stu
1145 3752 1194 3799 P
1223 3757 1393 3813 questu
1424 3754 1497 3814 (in
1529 3769 1615 3816 my.
1648 3758 1733 3801 m2
1764 3756 1815 3802 al
1847 3760 1895 3803 et
1927 3760 2115 3817 questu)
2153 3758 2196 3801 I!
2317 3760 2373 3806 15
2406 3760 2740 3807 insurrexerint
2772 3760 2820 3807 P
2851 3768 2901 3810 (u
2937 3763 3025 3809 alt.

1033 3847 1071 3878 ε.
1105 3835 1171 3889 u.)
1273 3832 1329 3878 16
1363 3831 1559 3879 oderant
1588 3832 1637 3881 P
1731 3835 1785 3881 17
1820 3835 2183 3881 triumfauerunt
2214 3836 2261 3884 P
2290 3836 2639 3897 triumpharunt
2663 3837 2721 3883 Ρ
2815 3839 2879 3886 ‘20
2913 3853 3025 3886 con-

1035 3913 1291 3955 sueuerant
1321 3909 1433 3956 DP¹
1528 3912 1583 3958 21
1623 3915 1670 3958 et
1703 3913 2023 3973 unusquisque
2057 3912 2103 3958 B
2228 3929 2313 3961 sua
2345 3918 2559 3976 sequitur
2592 3915 2639 3961 Β
2735 3917 2795 3963 22
2828 3932 3025 3978 prospe-

1033 3987 1186 4032 xerint
1218 4002 1320 4033 esse
1352 3988 1400 4033 B
