4242 4694
1016 1081 1040 1115 5

998 1552 1039 1584 10

998 2021 1041 2055 15

1494 513 1563 558 De
1595 511 1737 559 Iacob
1771 510 1819 558 11
1854 513 1895 562 1.
1929 513 1975 569 2,
2004 511 2130 558 4-8
2163 510 2207 570 (1
2237 511 2330 560 460
2364 510 2553 559 0—461
2591 511 2663 573 C).
2993 515 3068 570 35

1068 684 1308 742 iniustae
1373 686 1628 741 oneratur
1690 683 1916 741 inuidia.
1986 684 2348 740 minitabatur
2409 684 2558 740 Esau
2624 683 2772 757 quod
2843 684 3065 740 fratrem

1070 796 1237 836 suum
1287 777 1579 845 occideret,
1627 794 1727 835 nec
1775 777 2014 835 fraterna
2062 794 2189 836 eum
2238 779 2576 852 germanitas
2625 795 2725 835 nec
2775 781 3068 851 parentum

1070 872 1380 930 reuerentia
1444 888 1477 927 a
1536 870 1849 945 parricidali
1912 870 2094 928 furore
2158 870 2473 940 reuocabat,
2540 875 2597 928 et
2667 871 2891 929 dolebat
2962 872 3071 929 sibi

1071 965 1515 1024 benedictionem
1588 982 1710 1023 esse
1781 969 2143 1038 praereptam,
2217 965 2377 1022 cuius
2448 966 2643 1038 utique
2717 965 2944 1040 dignum
3012 983 3072 1023 se

1072 1059 1497 1117 mansuetudine
1547 1059 1783 1116 debebat
1828 1059 2078 1133 probare,
2126 1077 2231 1117 non
2282 1061 2508 1117 scelere.
2565 1059 2664 1117 sed
2712 1063 2769 1117 et
2819 1059 3073 1117 Rebecca

1073 1171 1179 1211 non
1228 1154 1389 1227 quasi
1437 1154 1613 1211 filium
1664 1154 1797 1222 filio,
1850 1154 1946 1211 sed
1996 1154 2155 1227 quasi
2202 1154 2418 1211 iustum
2456 1154 2802 1227 praeferebat
2839 1154 3241 1211 iniust0.4e1A

1074 1249 1279 1306 etenim
1344 1251 1479 1322 aput
1541 1251 1772 1305 matrem
1836 1249 1985 1321 piam
2050 1248 2379 1322 mysterium
2450 1249 2668 1322 pignori
2739 1249 3072 1322 praeponde-

1072 1342 1262 1399 rabat:
1321 1342 1482 1400 illum
1531 1360 1637 1399 non
1690 1345 1805 1399 tam
1853 1342 2011 1399 fratri
2058 1343 2404 1415 praeferebat
2451 1359 2620 1415 quam
2669 1342 2933 1400 offerebat
2980 1343 3072 1400 do-

1077 1436 1243 1504 mino,
1307 1453 1473 1509 quem
1539 1436 1751 1493 sciebat
1813 1437 2094 1494 conlatum
2161 1435 2269 1492 sibi
2336 1453 2538 1493 munus
2601 1453 2770 1509 posse
2835 1453 3072 1504 seruare,

1072 1530 1128 1587 in
1172 1548 1278 1602 quo
1322 1534 1379 1588 et
1409 1531 1569 1588 alteri
1605 1530 1946 1599 consulebat,
1979 1547 2146 1604 quem
2180 1530 2401 1587 diuinae
2434 1529 2783 1588 subducebat
2815 1532 3072 1600 offensae,

1074 1642 1140 1681 ne
1183 1625 1435 1698 grauiore
1476 1625 1857 1697 implicaretur
1894 1628 2073 1692 reatu,
2116 1624 2165 1681 si
2207 1627 2465 1697 acceptae
2505 1625 2739 1699 gratiam
2777 1625 3074 1683 benedicti-

1074 1719 1194 1776 onis
1236 1719 1533 1776 amitteret.
2657 1729 2662 1732 “

1152 1813 1359 1886 Accipe
1400 1815 1583 1870 tamen
1625 1811 1834 1869 bonum
1868 1815 2146 1869 certamen
2180 1811 2322 1868 inter
2353 1814 2623 1885 parentes.
2657 1815 2834 1869 mater
2867 1811 3077 1869 deferat

1077 1906 1356 1973 affectum,
1395 1909 1554 1978 pater
1594 1905 1882 1963 iudicium.
1925 1911 2102 1962 mater
2142 1905 2290 1962 circa
2328 1906 2598 1962 iuniorem
2640 1909 2829 1962 tenera
2867 1905 3073 1979 pietate
3119 1911 3159 1958 Β

1075 2000 1396 2074 propendat,
1438 2003 1593 2073 pater
1625 1999 1772 2057 circa
1803 1999 2075 2058 seniorem
2109 2004 2335 2056 naturae
2368 1998 2838 2057 honorificentiam
2872 2002 3077 2056 seruet.

1077 2094 1168 2151 hic
1224 2095 1403 2169 magis
1462 2094 1710 2159 honoret,
1766 2094 1867 2150 illa
1921 2093 2049 2166 plus
2109 2094 2325 2168 diligat.
2385 2093 2515 2155 dum
2566 2093 2770 2168 singuli
2822 2093 3076 2168 singulos

1080 2187 1325 2255 foueam,
1373 2205 1480 2244 non
1531 2187 1585 2244 in
1628 2205 1802 2243 uuum
1841 2190 2075 2259 uterque
2117 2187 2448 2260 conspirent,
2492 2184 2786 2244 defrudent
2823 2188 3076 2244 alterum.

1081 2280 1179 2338 fiat
1235 2281 1542 2355 aequalitas
1592 2281 1738 2338 inter
1785 2280 2006 2338 diuersa
2055 2281 2358 2338 certamina
2406 2284 2463 2337 et
2510 2267 2825 2354 disparibus
2876 2281 3078 2339 studiis

1081 2392 1181 2449 par
1257 2375 1479 2448 utrique
1561 2375 1779 2448 aequali
1859 2378 2148 2433 narentum
2230 2392 2416 2432 amore
2497 2375 2673 2450 gratia
2747 2376 3078 2433 conferatur.

1083 2472 1384 2543 conpenset
1434 2469 1572 2526 alter
1619 2468 1768 2541 quod
1825 2471 1963 2526 alter
2018 2469 2319 2527 imminuit.
2377 2470 2458 2527 sic
2516 2469 2608 2542 pio
2665 2469 2866 2527 affectu
2922 2469 3080 2526 Isaac

1078 2563 1388 2635 patriarcha
1428 2567 1484 2621 et
1523 2566 1715 2621 sancta
1754 2563 2003 2620 Rebecca
2043 2563 2343 2631 certabant,
2378 2565 2444 2620 ut
2476 2566 2732 2620 neutrum
2767 2562 3076 2620 inferiorem

1082 2656 1344 2726 facerent,
1411 2658 1508 2715 sed
1581 2661 1881 2731 utrumque
1954 2658 2256 2730 aequalem.
2329 2658 2470 2715 uicit
2539 2661 2723 2715 tamen
2797 2658 2910 2726 ille,
2984 2654 3080 2729 qui
3129 2675 3167 2714 ο

1243 2861 1263 2908 1
1301 2860 1418 2910 Gen.
1452 2862 1529 2916 27,
1562 2863 1620 2909 41
1663 2862 1750 2909 020
1782 2859 1900 2910 Gen.
1936 2862 2011 2916 25,
2046 2861 2107 2909 28
2179 2862 2242 2916 22
2274 2861 2394 2910 Gen.
2426 2863 2505 2923 25,
2536 2864 2597 2911 23

1149 2973 1170 3018 1
1220 2975 1442 3018 oneratur
1493 2970 1660 3018 Vas-P*
1706 2970 1964 3019 honeratus
2010 2971 2059 3018 P
2099 2975 2321 3019 oneratus
2366 2971 2410 3021 Ἠ
2452 2977 2497 3020 et
2541 2973 2697 3021 ss'mss
2739 2973 3000 3021 honoratus
3036 2978 3078 3021 A

1080 3051 1342 3097 honoratur
1365 3049 1469 3097 ΒΤ
1581 3049 1859 3097 imitabatur
1882 3050 1929 3097 A
1954 3054 2095 3110 (corr.
2118 3066 2178 3099 m.
2208 3057 2310 3101 ant.
2337 3066 2394 3099 ex
2417 3052 2702 3109 mitabatur;
2728 3066 2765 3099 s.
2793 3056 2876 3100 m2
2897 3052 2920 3099 ἱ
2943 3052 3082 3099 mini-

1081 3129 1293 3185 tabatur)
1359 3128 1388 3175 2
1420 3143 1508 3176 nec
1542 3132 1596 3186 (s.
1630 3130 1708 3176 m?
1738 3128 1760 3174 l
1790 3135 1869 3186 ne)
1905 3128 2114 3177 fraterna
2138 3130 2185 3177 A
2215 3145 2275 3177 ne
2309 3130 2448 3190 (corr.
2481 3134 2588 3185 uec)
2624 3129 2681 3177 fr.
2712 3130 2755 3177 T
2821 3132 2853 3178 4
2886 3144 3011 3178 esose
3039 3131 3083 3177 A

1086 3232 1112 3277 7
1148 3234 1264 3293 aput
1295 3231 1342 3277 A
1375 3229 1500 3292 apud
1532 3235 1614 3277 cet.
1714 3232 1891 3278 *atrem
1924 3231 1969 3278 A
2004 3234 2054 3292 (p
2089 3234 2231 3288 eras.)
2360 3232 2622 3279 misterium
2655 3232 2743 3281 Pa
2869 3231 3084 3294 pignoris

1086 3334 1133 3380 A
1168 3336 1214 3383 (o
1248 3347 1308 3380 ex
1337 3332 1383 3393 e)
1418 3331 1513 3379 ΡΤ
1651 3332 1680 3379 9
1710 3307 1869 3380 siebat
1902 3335 1947 3380 A
1981 3335 2024 3395 (c
2056 3336 2200 3392 eras.)
2340 3335 2396 3382 13
2432 3334 2620 3382 deserat
2650 3335 2697 3382 A
2734 3336 2872 3392 (corr.
2905 3336 3006 3393 ΜΒ)
3041 3333 3089 3380 Ρ

1087 3410 1271 3458 deferat
1300 3410 1344 3459 Ἠ
1376 3413 1470 3470 (rat
1499 3410 1557 3456 in
1589 3413 1708 3469 ras.)
1809 3411 1867 3459 15
1898 3415 2097 3460 naturae
2130 3412 2538 3459 honorificentiam
2574 3413 2711 3459 Aml
2741 3412 2839 3460 ΡΒ
2868 3415 3086 3459 naturam

1086 3488 1472 3537 honorificentiae
1505 3489 1552 3535 A
1585 3493 1666 3536 ΜΒ
1706 3489 1843 3548 (add.
1872 3489 1913 3550 ἱ)
1955 3490 2055 3538 VN
2081 3496 2125 3538 et
2169 3494 2311 3551 (corr.
2344 3495 2539 3538 naturae
2579 3491 3007 3551 honorificentiam)
3048 3491 3095 3539 T

1093 3569 1146 3615 17
1181 3566 1374 3615 faueant
1405 3582 1463 3615 ex
1493 3566 1690 3615 foueant
1721 3569 1768 3615 A
1943 3571 2274 3631 conspicerent
2307 3572 2352 3616 Α
2385 3574 2429 3617 et
2463 3574 2533 3626 (ce
2566 3571 2690 3631 exp.)
2731 3569 2777 3616 V
2928 3569 3086 3618 defru-

1088 3645 1204 3693 dent
1236 3647 1280 3693 A
1315 3645 1597 3694 defraudent
1627 3648 1677 3708 (a
1706 3661 1745 3696 s.
1777 3652 1846 3707 u.)
1882 3647 1979 3696 ΡΒ
2010 3653 2054 3696 et
2086 3653 2169 3696 m2
2201 3648 2260 3696 91‘
2295 3647 2578 3696 defraudent
2609 3653 2691 3696 cet.
2818 3648 2880 3696 18
2913 3664 3087 3711 aequa-

1086 3723 1201 3771 litas
1232 3725 1279 3770 A
1313 3725 1366 3784 (ε.
1399 3727 1483 3771 m2
1514 3725 1535 3771 ἱ
1567 3725 1802 3787 aequitas)
1837 3726 1936 3774 ΡΙ)
1967 3728 2183 3789 aequitas
2226 3727 2322 3774 VN
2329 3728 2372 3775 T
2449 3728 2506 3775 19
2541 3742 2624 3790 par
2656 3727 2842 3789 utrique
2878 3725 3088 3789 aequalis

1092 3813 1132 3850 (e
1165 3816 1266 3862 exp.
1300 3805 1382 3849 m2
1413 3802 1472 3857 P.
1507 3804 1695 3863 aequali
1736 3804 1801 3863 T)
1836 3809 2085 3866 parentum
2120 3820 2276 3853 amore
2312 3806 2469 3867 gratia
2501 3805 2768 3853 conferatur
2799 3805 2938 3853 Am1
2970 3806 3018 3853 P
3046 3810 3090 3853 et

1087 3881 1143 3926 in
1173 3894 1261 3941 my.
1294 3880 1338 3927 T
1366 3896 1453 3943 par
1483 3882 1672 3943 utrique
1707 3883 1914 3944 (nti-ique
1939 3896 2029 3930 om.
2060 3883 2119 3941 Τ)
2155 3886 2298 3945 atque
2333 3884 2544 3947 aequalis
2576 3900 2674 3947 par.
2710 3899 2839 3932 amor
2862 3887 2911 3932 et
2935 3884 3093 3945 gratia

1088 3957 1212 4005 conf.
1249 3962 1388 4007 Am?
1429 3959 1527 4007 VN
1555 3965 1597 4007 et
1630 3961 1685 4007 in
1716 3965 1850 4009 textu
1886 3961 1930 4008 T

2971 4053 2999 4099 3
