4242 4694
1049 504 1170 559 250
1909 500 2253 546 Ambrosii

1050 673 1264 729 iniuste
1331 671 1589 729 adficitur
1653 672 1707 727 in
1775 671 1879 728 hoc
1944 673 2166 729 saeculo
2232 671 2545 745 gratulatur
2615 672 2713 729 uel
2768 670 2913 744 quod
2958 671 3027 727 hic

1051 767 1241 824 soluat
1294 767 1475 840 pretia
1531 765 1862 824 delictorum
1924 783 2153 824 suorum
2215 766 2310 824 uel
2367 767 2500 839 qnia
2553 766 2718 825 nouit
2771 782 2893 824 eam
2933 782 3033 823 esse

1049 860 1199 935 apud
1240 860 1526 918 dominum
1567 860 1878 919 uberiorem
1920 861 2174 936 gratiam,
2219 861 2268 918 si
2307 861 2514 919 iniuste
2556 878 2655 935 pro
2690 861 2814 919 eius
2847 860 3036 918 nomine

1051 959 1152 1012 aut
1206 972 1305 1029 pro
1354 955 1499 1013 bono
1550 955 1739 1028 aliquo
1790 971 1953 1028 opere
2000 956 2197 1012 acerba
2243 955 2506 1029 patiatur,
2557 955 2869 1012 secundum
2914 954 3038 1028 quod

1053 1050 1326 1123 scriptum
1390 1052 1477 1107 est
1534 1049 1666 1122 quia
1721 1048 1905 1106 nulla
1967 1049 2184 1122 gloria
2239 1053 2366 1116 est,
2425 1049 2483 1106 si
2546 1053 2901 1123 peccantes
2949 1065 3088 1122 pti-s

1053 1143 1284 1201 nimini
1326 1147 1392 1200 et
1432 1142 1757 1210 suffertis,
1801 1142 1912 1200 sed
1956 1142 2010 1199 si
2053 1142 2545 1200 benefacientes
2595 1146 2662 1201 et
2707 1143 3039 1217 patientes,

1053 1239 1212 1297 haec
1256 1240 1357 1295 est
1396 1236 1615 1313 gratia
1657 1237 1825 1310 apud
1867 1236 2074 1295 deum.
2118 1237 2179 1294 in
2223 1237 2345 1296 hoc
2384 1236 2553 1296 enim
2593 1238 2825 1297 uocati
2873 1236 3040 1303 estis,
3111 1239 3118 1285 ἶ

1051 1332 1210 1405 quia
1264 1335 1329 1389 et
1385 1330 1695 1389 Christus
1752 1349 1865 1404 pro
1922 1332 2119 1388 uobis
2170 1336 2473 1390 mortuus
2523 1334 2627 1390 est
2673 1332 3040 1406 relinquens

1052 1426 1245 1483 uobis
1309 1425 1692 1498 exemplum,
1756 1428 1830 1482 ut
1901 1425 2267 1499 sequamini
2340 1426 2637 1501 uestigia
2710 1426 2877 1497 eius,
2947 1425 3042 1499 qni

1053 1521 1400 1593 peccatum
1455 1536 1580 1576 non
1638 1519 1802 1577 fecit
1856 1536 1971 1577 nec
2026 1520 2345 1577 inuentus
2403 1523 2507 1578 est
2560 1520 2756 1578 dolus
2821 1520 2885 1577 in
2950 1535 3098 1577 oren

1052 1615 1233 1672 eius:
1293 1613 1402 1686 qui
1460 1631 1603 1671 cum
1660 1613 2190 1681 malediceretur,
2241 1631 2362 1672 non
2411 1614 2849 1681 remaledixit,
2915 1630 3044 1671 cum

1053 1711 1413 1781 pateretur,
1472 1725 1592 1764 non
1650 1707 2192 1765 comminabatur.
2250 1726 2383 1783 ergo
2437 1709 2623 1767 iustus
2677 1709 2848 1766 etism
2904 1706 3042 1765 siin

1050 1802 1245 1860 eculeo
1287 1802 1381 1872 sit,
1422 1819 1644 1875 semper
1683 1802 1867 1860 iustus
1911 1806 2015 1870 est,
2058 1803 2189 1875 quia
2229 1802 2501 1860 iustificat
2538 1802 2705 1860 deum
2746 1805 2805 1859 et
2846 1801 3045 1858 minora

1049 1914 1111 1953 se
1155 1896 1398 1970 peccatis
1440 1897 1557 1953 suis
1601 1896 1734 1953 dicit
1776 1896 2068 1960 sustinere.
2111 1913 2328 1970 semper
2361 1897 2580 1970 sapiens
2614 1899 2732 1964 est3
2767 1912 2877 1953 non
2909 1895 3042 1955 enim

1050 1990 1303 2047 aufertur
1364 1990 1543 2047 eculei
1602 1990 1894 2047 tormentis
1960 2006 2091 2047 uera
2156 1993 2214 2047 et
2274 1990 2521 2063 perfecta
2581 1990 2875 2062 sapientia,
2945 2005 3042 2047 non
3069 2010 3102 2046 ιε

1051 2085 1265 2142 amit-tit
1316 2085 1465 2159 quod
1515 2089 1619 2152 est,
1669 2085 1801 2157 quia
1838 2085 2095 2142 timorem
2137 2084 2380 2142 excludit
2418 2084 2565 2142 foras
2606 2084 2794 2142 studio
2836 2087 2896 2143 et
2930 2101 3042 2158 pro·

1052 2180 1237 2253 posito
1296 2179 1580 2237 caritatis:
1638 2181 1797 2236 nouit
1856 2182 1922 2236 ut
1977 2179 2195 2252 sapiens
2244 2178 2426 2236 dicere
2472 2178 2602 2251 quia
2649 2178 2880 2253 indigna
2925 2184 3045 2237 sunt

1053 2290 1196 2345 quae
1235 2274 1290 2331 in
1333 2274 1437 2331 hoc
1478 2290 1704 2347 corpore
1747 2273 2090 2331 sustinemus
2121 2272 2560 2331 remuneratione
2592 2272 2813 2330 futurae
2847 2273 3041 2348 gloriae

1056 2372 1114 2425 et
1154 2386 1343 2426 omnes
1392 2369 1559 2426 huius
1607 2367 1872 2440 temporis
1913 2368 2201 2441 passiones
2242 2370 2708 2440 superuenturam
2748 2367 3042 2426 mercedem

1056 2477 1290 2532 aequare
1331 2479 1437 2519 non
1479 2465 1732 2534 possunt.
1776 2463 1955 2520 bonus
1995 2461 2170 2536 igitur
2210 2461 2339 2518 huic
2382 2478 2600 2534 semper
2640 2465 2729 2518 est
2769 2462 2928 2531 deus,
2959 2461 3099 2536 quiz·

1054 2555 1215 2612 nouit
1263 2572 1371 2628 quo
1420 2559 1665 2629 tempore
1714 2559 1906 2614 metat.
1956 2560 2013 2613 et
2059 2556 2184 2613 ideo
2234 2557 2393 2628 quasi
2441 2556 2620 2613 bonus
2672 2556 2921 2625 agricola
2964 2555 3042 2613 hic

1055 2652 1175 2706 arat
1214 2666 1409 2723 agrum
1452 2667 1615 2707 suum
1659 2650 1899 2723 quodam
1942 2650 2312 2707 abstinentiae
2352 2650 2629 2723 rigidioris
2673 2666 2934 2708 uomere:
2965 2650 3041 2707 bic

1053 2742 1257 2816 stirpat
1320 2744 1556 2816 quadam
1619 2744 1761 2801 falce
1825 2745 2101 2801 uirtutum
2166 2744 2529 2817 amputatrice
2597 2744 2900 2802 uitiorum:
2965 2743 3040 2800 hic

1054 2840 1324 2894 stercorat
1352 2836 1713 2895 ‘humiliando
1765 2856 1825 2895 se
1873 2854 2051 2910 usque
2099 2838 2167 2894 ad
2218 2841 2416 2894 terram
2467 2838 2652 2895 sciens
2709 2838 2841 2910 quia
2896 2839 3040 2897 deus

1053 2929 1129 2987 de
1185 2933 1362 2988 terra
1410 2932 1700 2990 suscitat
1747 2932 2006 3006 inopem
2058 2935 2122 2989 et
2171 2931 2247 2989 de
2297 2935 2593 2990 stercore
2648 2933 2859 3008 erigit
2906 2949 3096 3007 pau-s

1053 3041 1288 3097 perem‚
1340 3025 1577 3098 denique
1627 3027 1915 3098 apostolus
1954 3026 2165 3084 Paulus
2207 3026 2313 3083 nisi
2356 3026 2684 3084 aestimatus
2725 3031 2880 3084 esset
2919 3030 3040 3084 ster-

1049 3136 1194 3188 cora,
1231 3137 1534 3193 numquam
1562 3119 1846 3177 Christum
1882 3121 1988 3179 sibi
2020 3121 2302 3194 potuisset
2331 3121 2644 3195 adquirere:
2680 3121 2771 3178 hic
2806 3120 3042 3179 custodit-

1211 3291 1241 3337 5
1272 3288 1300 3337 Ι
1331 3289 1460 3337 Petr.
1494 3288 1540 3345 2.
1572 3290 1760 3338 20—23
1870 3292 1929 3339 13
1959 3290 2073 3338 Luc.
2109 3292 2153 3347 7,
2187 3290 2248 3343 29
2369 3290 2426 3337 16
2457 3288 2485 3337 Ι
2515 3288 2620 3337 Iob.
2652 3289 2698 3344 4,
2733 3288 2793 3337 18
2891 3288 2952 3337 18
2983 3302 3043 3349 sq.

1052 3365 1193 3414 Rom.
1226 3367 1272 3423 8,
1308 3367 1367 3416 18
1464 3367 1520 3415 21
1557 3367 1659 3416 1011.
1697 3368 1769 3425 15,
1806 3368 1829 3416 1
1927 3369 1990 3416 24
2020 3368 2196 3416 Psalm.
2222 3367 2353 3416 CXII
2379 3368 2406 3415 7
2502 3368 2563 3416 26
2586 3367 2798 3431 Philipp.
2831 3368 2879 3425 3,
2911 3367 2942 3416 8

1114 3492 1144 3540 3
1178 3480 1287 3539 ᾶῖιῖι
1321 3492 1415 3540 Po
1443 3491 1521 3540 dm
1554 3498 1653 3549 σοι,
1675 3492 1800 3554 sort.
1832 3497 1955 3541 recte
2071 3494 2102 3541 4
2135 3493 2306 3542 acerba
2337 3494 2497 3555 aliqu·
2526 3493 2641 3541 ΒΡ
2790 3493 2976 3556 patitur
3003 3491 3048 3560 1)

1052 3571 1081 3617 5
1115 3574 1190 3616 est
1223 3570 1378 3632 gloria
1408 3570 1522 3618 DP‘
1640 3564 1672 3618 6
1704 3571 1772 3632 et]
1808 3573 1864 3617 ut
1894 3571 2008 3618 DP'
2124 3572 2154 3620 8
2188 3574 2241 3619 et
2269 3586 2359 3620 om.
2393 3570 2505 3620 DP‘
2653 3573 2871 3620 mortuus
2903 3571 2952 3619 P
2980 3573 3048 3630 (us

1052 3662 1111 3694 ex
1142 3657 1215 3702 os)
1343 3649 1375 3696 9
1415 3662 1667 3710 sequamur
1699 3650 1745 3696 Β
1812 3650 1866 3698 11
1900 3665 1994 3697 non
2035 3649 2281 3698 maledixit
2310 3649 2520 3699 BDP‘G
2580 3650 2639 3698 12
2678 3650 2721 3698 si
2753 3655 2872 3700 ante
2899 3651 3050 3698 iustus

1052 3728 1333 3789 transponit
1365 3727 1413 3774 B
1529 3729 1585 3777 13
1633 3728 1796 3776 aculeo
1826 3729 1881 3777 D
1912 3733 1956 3777 et
1989 3728 2033 3786 (ἶ
2063 3742 2088 3776 e
2119 3742 2158 3777 s.
2193 3734 2238 3788 a)
2271 3729 2333 3777 Ρ
2457 3741 2644 3790 semper
2671 3743 2753 3791 pr.
2785 3729 2847 3777 in
2872 3742 2976 3777 ms.
3006 3726 3052 3776 B

1115 3807 1197 3867 qui
1219 3805 1268 3853 Β
1365 3806 1423 3853 15
1457 3806 1608 3853 aculei
1634 3806 1685 3853 D
1715 3811 1760 3854 et
1794 3806 1836 3867 (ζ
1868 3821 1894 3854 e
1924 3821 1962 3855 s.
1989 3809 2035 3867 a)
2064 3807 2122 3854 Ρ·
2220 3809 2280 3855 16
2313 3809 2636 3870 propositione
2662 3810 2709 3856 B
2807 3807 3050 3856 larem·

1049 3884 1300 3933 neratione
1331 3882 1386 3932 D
1416 3886 1473 3943 (s.
1504 3884 1530 3932 1
1558 3889 1787 3943 memora)
1820 3887 2212 3933 rememoratione
2242 3885 2304 3933 P‘
2338 3888 2394 3944 (s.
2425 3886 2452 3934 ἱ
2481 3887 2592 3949 une)
2720 3886 2778 3935 19
2812 3899 2979 3934 omne·
3008 3883 3055 3932 Ρ

1048 3965 1098 4021 (e
1129 3977 1188 4010 ex
1217 3963 1253 4021 i)
1349 3964 1411 4011 22
1444 3961 1684 4024 rigidioris
1719 3963 2036 4012 abstinentiae
2068 3964 2180 4013 ΒΡ
2276 3965 2338 4013 23
2372 3965 2737 4028 amputatricem
2769 3964 2868 4020 PB
