4242 4694
1428 486 1720 545 XXXVIII
2240 483 2614 533 Praefatio.

1429 659 1608 717 sancti
1647 658 1972 717 Theoderici
2014 657 2159 733 apud
2192 659 2415 726 Remos,
2458 675 2601 716 nunc
2634 658 2961 716 Remensem
2999 660 3111 716 352
3144 658 3255 733 (Τ),
3295 658 3398 716 Bru

1428 754 1731 812 xellensem
1785 754 2035 826 1893s99
2077 754 2186 826 (Β),
2231 752 2577 810 Duacensem
2627 754 2737 810 227
2783 750 2900 828 (1)),
2942 752 3272 811 Trecensem
3320 754 3394 810 28

1429 849 1557 924 (Τ’),
1598 846 2001 907 Nouariensem
2041 848 2318 922 (XLVIII)
2359 850 2434 906 20
2467 847 2590 924 (Ν),
2631 848 2976 924 Brugensem
3015 849 3119 905 101
3155 847 3291 921 (Β’),
3333 846 3398 904 Pa

1426 941 1691 1000 risiacum
1743 942 1891 1000 1723
1938 942 2047 1019 (Ρ),
2095 941 2439 999 Parisiacum
2494 942 2661 1011 1728,
2711 941 2840 999 olim
2892 940 3265 999 Mazarineum
3306 940 3398 1018 (Mj

1428 1038 1605 1093 restat
1657 1035 1831 1111 igitur
1884 1035 2198 1094 Parisiacus
2251 1035 2395 1092 1731
2457 1035 2667 1092 saeculi
2716 1035 2880 1092 XIIII
2922 1035 3055 1110 (P),
3097 1035 3194 1109 qui
3244 1036 3398 1108 apolo

1428 1128 1576 1205 giam
1626 1132 1684 1187 et
1721 1129 1957 1203 priorem
2001 1131 2058 1187 et
2096 1129 2342 1195 alteram,
2382 1128 2587 1187 librum
2632 1128 2698 1186 de
2736 1130 3151 1197 resurrectione,
3192 1129 3398 1205 deniqu

1428 1222 1835 1298 explanationes
1875 1224 1932 1281 in
1973 1224 2218 1296 psalmos
2258 1222 2515 1281 undecim
2556 1223 2960 1296 complectitur.
3016 1223 3074 1281 in
3122 1222 3211 1282 his
3258 1223 3398 1298 igitu

1428 1317 1472 1374 Τ
1514 1319 1670 1374 tanta
1707 1316 1954 1376 bonitate
1996 1317 2234 1385 excellit,
2274 1319 2341 1374 ut
2379 1315 2428 1374 si
2469 1333 2614 1374 nnnc
2654 1315 2745 1373 hic
2785 1316 3010 1375 libellus
3050 1317 3248 1375 multis
3288 1317 3398 1377 loci

1429 1410 1754 1469 emendatus
1795 1414 1963 1485 atque
2002 1411 2058 1467 in
2099 1409 2388 1485 pristinam
2430 1409 2808 1485 integritatem
2856 1409 3156 1469 restitutus
3203 1410 3398 1487 legitur

1426 1505 1485 1563 id
1543 1505 1594 1562 ei
1647 1504 2006 1579 potissimum
2065 1504 2346 1562 debeatur.
2389 1521 2450 1561 ac
2500 1520 2631 1562 sane
2680 1505 2896 1563 mireris
2944 1505 3248 1574 Maur-ines,
3299 1523 3398 1564 cun

1428 1599 1576 1656 hunc
1616 1597 1824 1656 librum
1865 1598 2348 1666 examinauissent,
2382 1599 2591 1656 nullam
2632 1600 2744 1657 fere
2786 1600 2906 1657 eius
2948 1600 3216 1659 rationem
3255 1600 3398 1659 habu

1426 1693 1612 1770 isse.¹)
1676 1710 1802 1751 nam
1849 1710 2181 1768 unaquaque
2230 1693 2399 1751 huius
2448 1693 2710 1752 editionis
2759 1695 2958 1769 pagina
3015 1694 3207 1768 quanti
3263 1694 3398 1753 sesti

1426 1787 1661 1846 mandus
1701 1788 1780 1847 sit
1816 1787 2241 1846 demonstratur.
2299 1787 2545 1862 proxime
2586 1787 2653 1845 ad
2696 1804 2822 1846 eum
2862 1787 3078 1846 accedit
3114 1786 3184 1856 N,
3226 1788 3325 1862 qui
3363 1804 3398 1846 e:

1429 1881 1621 1941 eodem
1678 1882 1831 1941 fonte
1887 1882 2064 1951 fluxit,
2104 1881 2185 1940 ita
2230 1886 2415 1939 tamen
2465 1884 2532 1939 ut
2582 1899 2708 1939 eum
2748 1900 2854 1940 non
2897 1885 3113 1955 aequet.
3181 1880 3279 1938 sed
3320 1884 3398 1940 ets

1429 1976 1589 2049 primi
1632 1974 1740 2033 fide
1779 1980 1946 2049 atque
1986 1976 2317 2033 auctoritate
2357 1981 2541 2033 tamen
2579 1976 2676 2032 TN
2712 1976 2866 2033 uitiis
2900 1992 3005 2034 non
3040 1978 3260 2046 uacant,
3293 1991 3398 2048 quo

1428 2086 1547 2126 rum
1589 2070 1699 2127 alia
1735 2069 1947 2128 leuiora
1988 2074 2135 2137 sunt,
2170 2070 2281 2127 alia
2320 2086 2451 2128 sane
2488 2070 2835 2144 grauissima,
2871 2070 3096 2126 lacunas
3130 2069 3275 2139 dico,
3307 2069 3398 2144 qui

1429 2164 1533 2222 bus
1582 2165 1636 2222 in
1687 2165 1767 2222 eis
1817 2165 1991 2222 oratio
2034 2165 2339 2223 deformata
2378 2172 2481 2233 est.
2526 2166 2583 2221 et
2620 2164 2854 2222 maiores
2896 2167 2954 2221 et
2991 2163 3248 2222 minores.
3317 2181 3398 2238 qus

1428 2257 1497 2315 de
1533 2273 1595 2315 re
1636 2257 1881 2316 conferas
1923 2274 2129 2333 quaeso
2170 2258 2273 2316 hos
2313 2258 2493 2316 locos:
2535 2260 2667 2325 361,
2702 2260 2800 2325 243
2844 2259 2976 2324 369,
3016 2259 3111 2325 17;
3153 2258 3289 2329 383,
3326 2260 3391 2315 11

1426 2352 1562 2421 387,
1591 2352 1627 2409 8
1655 2356 1712 2409 et
1739 2351 1878 2427 125)
1911 2350 2055 2410 unde
2088 2352 2201 2409 iam
2227 2351 2523 2410 deteriores
2559 2368 2776 2425 quoque
2810 2352 3048 2420 codices,
3071 2351 3128 2408 in
3153 2351 3348 2425 primis
3375 2353 3398 2411 I

1427 2449 1485 2503 et
1517 2444 1564 2502 D
1602 2444 1894 2520 diligenter
1934 2446 2319 2504 examinandos
2354 2449 2410 2503 et
2440 2462 2569 2503 cum
2593 2445 2691 2503 TN
2714 2445 3072 2504 conferendos
3101 2461 3223 2503 esse
3248 2449 3398 2521 patet

1424 2538 1755 2596 diuiduntur
1784 2541 1967 2597 autem
2002 2539 2088 2597 illi
2120 2539 2175 2597 in
2208 2539 2346 2597 duas
2379 2539 2605 2606 classes,
2632 2556 2864 2612 quarum
2901 2555 3007 2596 una
3039 2539 3213 2607 DPM‚
3246 2541 3398 2599 altera

1424 2633 1671 2691 BT‘B⁴P⁴
1731 2634 2274 2707 conprehenduntun
2331 2635 2496 2706 atque
2549 2632 2607 2689 in
2656 2632 2829 2690 altera
2875 2632 3074 2690 T‘B⁴P¹
3131 2635 3247 2690 tam
3302 2635 3398 2692 arta

1419 2728 1769 2803 cognationis
1826 2728 2051 2786 uinculo
2108 2726 2387 2784 coniuncti
2444 2730 2576 2784 sunt
2631 2730 2697 2783 ut
2744 2726 2875 2800 quin
2924 2727 3051 2784 ΒῬ·
3102 2743 3165 2783 ex
3213 2726 3280 2784 '1¹¹
3326 2744 3398 2786 ue

1421 2821 1713 2879 simillimo
1761 2821 1900 2879 libro
1951 2821 2298 2878 manauerint
2345 2820 2584 2878 dubitari
2631 2837 2738 2878 non
2785 2819 2984 2894 possit.
3048 2820 3190 2879 libro
3235 2820 3398 2880 Nous

1504 3090 1537 3150 ¹)
1571 3094 1760 3153 praeter
1790 3090 1976 3139 TPPau
2010 3092 2058 3137 et
2090 3088 2449 3137 Laudunensem
2494 3089 2643 3146 illum,
2678 3088 2735 3137 de
2770 3104 2861 3152 qno
2894 3089 3033 3137 modo
3064 3089 3215 3139 locuti
3249 3104 3398 3141 sumus

1425 3167 1742 3217 adhibuerunt
1776 3170 1974 3231 Regium
2010 3170 2059 3216 et
2092 3168 2447 3230 mormannum,
2482 3183 2600 3230 quos
2630 3184 2724 3216 non
2757 3168 2929 3217 curaui.

1506 3242 1542 3303 ²)
1575 3262 1857 3309 quamquam
1890 3248 1939 3295 in
1971 3247 2088 3295 locis
2121 3247 2264 3294 etiam
2291 3247 2527 3294 lacunosis
2550 3245 2809 3294 tractandis
2834 3247 3035 3294 maxima
3059 3247 3280 3296 cautione
3306 3261 3398 3312 opu

1428 3326 1517 3382 est,
1541 3337 1599 3370 ne
1621 3326 1780 3386 prauis
1814 3339 1934 3387 quae
1965 3327 2015 3374 in
2050 3325 2362 3373 deterioribus
2394 3325 2529 3372 libris
2560 3324 2783 3386 leguntur
2811 3324 3264 3386 interpolationibus
3297 3323 3398 3374 ded

1426 3401 1624 3463 piamur.
1671 3403 1740 3451 sic
1779 3401 1912 3450 locus
1945 3403 2024 3464 qui
2057 3403 2164 3460 372,
2201 3403 2257 3450 17
2290 3402 2469 3464 legitur
2499 3404 2547 3449 in
2581 3403 2619 3449 Τ
2652 3416 2800 3464 parua
2830 3402 3001 3449 lacuna
3032 3400 3253 3450 adfectus
3283 3401 3398 3452 raon

1424 3478 1617 3527 restitui
1661 3484 1822 3541 potest
1860 3479 1931 3528 ita
1969 3486 2025 3529 ut
2062 3480 2305 3543 popurus
2343 3479 2667 3528 Iudae>orum
2705 3481 2952 3537 scribatur,
2991 3481 3040 3527 in
3091 3479 3266 3530 ceteris
3314 3495 3398 3530 uem

1427 3556 1560 3605 uario
1591 3556 1731 3605 modo
1763 3558 2041 3608 immutatus
2074 3563 2148 3607 est
2178 3574 2234 3607 ac
2266 3559 2404 3607 foede
2437 3558 2738 3621 deprauatus.
2778 3558 2893 3606 haec
2928 3558 3194 3620 disputanti
3226 3559 3398 3608 alterin

1424 3634 1521 3685 loci
1550 3634 1660 3688 400.
1695 3634 1720 3681 1
1762 3636 1987 3686 memoria
2021 3636 2138 3685 mibi
2180 3637 2403 3694 adfertur,
2438 3652 2529 3699 quo
2570 3637 2619 3685 in
2651 3636 2735 3686 TN
2768 3637 3136 3698 condempnant,
3169 3637 3220 3685 in
3256 3639 3398 3688 ceteri

1426 3712 1727 3777 affluendum
1749 3716 1935 3775 putant
1964 3717 2298 3777 qualicumque
2327 3716 2555 3766 traditum
2592 3721 2678 3766 est.
2713 3717 2824 3764 ferri
2857 3731 2970 3765 sane
3002 3720 3166 3778 potest
3194 3716 3398 3768 librom

1424 3790 1510 3843 TN
1543 3791 1793 3855 scriptun.
1826 3789 1910 3839 ned
1941 3806 2061 3855 quae
2093 3792 2143 3841 in
2174 3792 2486 3843 deterioribus
2520 3797 2682 3843 extant
2722 3797 2818 3842 tam
2860 3798 2973 3856 apta
3012 3797 3140 3850 sunt.
3173 3797 3231 3844 ut
3272 3797 3398 3861 περὶ

1424 3870 1546 3921 ceris
1584 3884 1642 3919 ea
1682 3867 1734 3917 in
1771 3865 2024 3933 nohetypo
2057 3884 2242 3933 quoqne
2276 3872 2485 3922 codicum
2518 3872 2605 3921 TN
2638 3873 2848 3921 extitisse
2883 3876 2946 3930 et,
2980 3887 3086 3921 cum
3119 3874 3398 3926 excidi-nen*

1419 3948 1640 4001 hemum
1669 3945 1819 3997 uerbo
1850 3947 2203 4010 condempnant
2236 3948 2465 4010 expletam
2500 3966 2616 4002 csse.
