4242 4694
1156 515 1273 572 234
1988 512 2334 563 Ambrosii

1155 703 1263 743 non
1314 685 1569 743 uidentes
1618 686 1808 760 itaque
1856 688 2077 743 tantum
2127 686 2430 761 sapientiae
2480 692 2886 745 sacramentum
2933 688 3172 762 angusti

1155 780 1340 838 cordis
1395 781 1612 848 timore,
1671 799 1738 837 ne
1795 780 2117 837 uiderentur
2168 780 2479 838 iniustitiae
2539 780 2702 837 deum
2763 798 3016 855 arguere,
3069 782 3168 855 qui

1153 876 1347 949 poenis
1388 874 1551 932 adfici
1590 874 1872 932 innoxium
1913 878 2310 949 perpeteretur,
2352 876 2406 932 in
2436 879 2691 932 sanctum
2724 876 2822 933 Iob
2857 893 3168 950 poenarum
3243 884 3297 934 “B

1153 969 1354 1027 merita
1408 971 1804 1044 retorquebant
1858 969 2104 1028 dicentes
2164 970 2293 1043 quia
2358 969 2566 1026 omnis
2636 969 2778 1026 uita
2841 969 3037 1043 impii
3101 970 3168 1028 in

1155 1063 1624 1121 sollicitudine
1691 1068 1755 1120 et
1826 1064 2107 1120 diuitiae
2179 1063 2430 1120 iniuste
2503 1066 2944 1138 congregatae
3020 1080 3168 1121 euo-
3217 1083 3238 1119 s

1152 1160 1442 1223 meritur:
1496 1158 1684 1216 omnia
1733 1175 1873 1231 quae
1921 1158 2167 1230 patiatur
2214 1158 2378 1215 homo
2421 1158 2615 1232 grauia
2654 1158 2708 1215 in
2750 1161 2899 1214 terra
2935 1163 3172 1231 propter

1152 1254 1381 1330 peccata
1430 1269 1532 1308 sua
1578 1269 1705 1309 eum
1754 1253 1987 1325 perpeti,
2040 1252 2136 1323 qui
2178 1252 2399 1308 etiamsi
2441 1252 2494 1307 in
2536 1252 2700 1308 rebus
2741 1251 3028 1325 prosperis
3069 1252 3168 1321 sit,

1150 1345 1470 1418 perpetuari
1519 1345 1569 1402 ei
1620 1346 1865 1402 secunda
1911 1362 2018 1402 non
2067 1362 2235 1417 posse
2285 1350 2341 1402 et
2389 1351 2676 1419 tamquam
2723 1345 3008 1405 somnium
3050 1347 3166 1404 cito

1151 1455 1501 1507 euanescere,
1543 1441 1608 1496 ut
1655 1456 1762 1497 non
1812 1439 2127 1496 inueniatur
2174 1441 2333 1498 locus
2383 1441 2538 1506 eius3
2588 1439 2919 1497 laetitiam
2972 1444 3164 1496 autem

1151 1534 1500 1607 impiorum
1544 1550 1667 1591 esse
1711 1534 2081 1607 grauiorem
2122 1534 2391 1602 ruinam,
2426 1533 2662 1607 ideoque
2696 1534 2864 1591 etiam
2900 1538 3166 1591 sanctum
3198 1555 3242 1591 ιο

1150 1628 1250 1685 Iob
1300 1646 1333 1686 a
1379 1629 1659 1701 prosperis
1711 1629 1766 1684 in
1818 1628 2053 1685 aduersa
2100 1631 2376 1685 mutatum
2430 1631 2487 1686 et
2542 1629 2868 1687 delictorum
2927 1645 3167 1686 suorum

1149 1722 1328 1795 pretio
1354 1738 1416 1778 ex
1446 1722 1681 1779 summis
1709 1721 1765 1778 in
1792 1723 1992 1778 ultima
2024 1723 2324 1780 corruisse:
2359 1722 2471 1778 labi
2500 1740 2628 1779 eum
2653 1721 2749 1794 qui
2783 1739 2844 1779 se
2876 1721 3168 1781 adsereret
3267 1731 3297 1782 F

1148 1816 1516 1880 innocentem,
1560 1830 1687 1871 cum
1728 1815 1910 1886 portio
1953 1815 2110 1886 impii
2154 1814 2475 1871 huiusmodi
2518 1815 2609 1879 sit,
2653 1818 2719 1871 ut
2758 1814 3167 1888 superueniens

1149 1910 1205 1965 in
1266 1925 1393 1966 eum
1451 1925 1483 1964 a
1541 1908 1767 1965 domino
1823 1909 2129 1983 indignatio
2183 1909 2379 1982 ningat
2426 1909 2474 1965 ei
2527 1909 2744 1966 dolores
2793 1913 2851 1967 et
2896 1909 3165 1967 interitus

1149 2002 1376 2058 domum
1418 2003 1538 2059 eius
1579 2003 1852 2059 inuoluat.
3197 2026 3242 2062 ιι

1030 2101 1089 2173 2,
1109 2102 1143 2157 3
1223 2094 1505 2152 Audiebat
1528 2095 1664 2152 haec
1691 2099 1916 2152 sanctus
1950 2095 2049 2152 Iob
2083 2099 2140 2152 et
2173 2096 2330 2166 quasi
2364 2096 2574 2152 athleta
2607 2096 2786 2163 sortis,
2821 2095 2876 2152 in
2912 2097 3163 2153 stercore
3268 2110 3297 2157 6

1148 2188 1366 2258 sedens,
1406 2189 1462 2245 in
1505 2189 1676 2246 tantis
1717 2189 1998 2247 uibicibus
2042 2194 2098 2246 et
2138 2189 2292 2247 saeui
2333 2188 2617 2247 doloribus
2659 2190 2928 2258 uulnen'S,
2971 2193 3160 2247 totum

1147 2300 1348 2356 corpus
1416 2284 1549 2341 diris
1623 2284 1882 2358 perfusus
1956 2284 2241 2341 ulceribus
2315 2285 2578 2357 mysteria
2647 2284 2986 2357 loquebatur
3057 2301 3163 2341 nec

1145 2378 1499 2450 anquirendis
1540 2378 1793 2451 propriae
1833 2377 2095 2435 remediis
2138 2377 2519 2453 aegritudinis,
2564 2378 2662 2436 sed
2703 2379 2877 2436 sacris
2917 2379 3165 2436 uacabat

1146 2471 1514 2528 sermonibus,
1574 2471 1828 2528 fortiores
1884 2472 2072 2543 itaque
2130 2487 2409 2527 sermones
2469 2471 2620 2545 aegri
2677 2470 2918 2528 hominis
2987 2488 3161 2544 quam
3192 2498 3240 2533 ao

1145 2563 1369 2620 illorum
1413 2562 1508 2636 qui
1551 2580 1656 2621 non
1698 2563 2076 2636 aegrotabant.
2116 2563 2203 2621 illi
2244 2563 2389 2620 enim
2430 2565 2799 2636 loquebantur
2827 2564 3159 2634 iniustitias,

1147 2656 1243 2714 sed
1298 2673 1407 2714 non
1464 2656 1772 2715 secundum
1829 2657 2151 2715 scientiam:
2221 2658 2613 2731 praedicabant
2677 2658 2866 2715 diuina
2924 2658 3157 2727 iudicia,

1145 2768 1351 2825 poenas
1392 2768 1630 2818 reorum,
1671 2751 1918 2824 praemia
1958 2753 2294 2818 sanctorum,
2337 2751 2436 2809 sed
2477 2769 2632 2810 reum
2676 2771 2708 2809 a
2747 2752 2895 2811 iusto
2947 2753 3157 2811 discer-

1146 2863 1273 2903 nere
1315 2846 1655 2903 nesciebant.
1697 2846 1935 2919 denique
1979 2864 2141 2919 quern
2184 2846 2443 2905 dominus
2486 2848 2623 2905 deus
2665 2849 2878 2906 iustum
2912 2865 3157 2921 pronun-

1298 2994 1329 3041 4
1369 2991 1457 3040 Iob
1496 2994 1567 3046 15,
1602 2993 1664 3040 20
1788 2996 1816 3042 5
1859 2993 1945 3041 Iob
1980 2994 2055 3046 20,
2096 2996 2150 3042 15
2278 2995 2304 3042 7
2348 2994 2433 3042 Iob
2467 2995 2542 3050 20,
2578 2995 2699 3043 7-9
2828 2998 2856 3042 9
2889 2995 2976 3043 lob
3010 2996 3086 3049 20,
3122 2999 3152 3044 5

1147 3072 1205 3120 13
1236 3070 1323 3119 Iob
1356 3071 1433 3127 20,
1464 3071 1526 3119 28
1558 3086 1627 3133 sq.
1727 3072 1784 3119 14
1817 3071 1901 3120 Iob
1936 3073 2011 3128 20,
2046 3074 2105 3121 23
2204 3074 2261 3121 16
2293 3072 2377 3121 Iob
2412 3074 2456 3130 2,
2492 3074 2518 3121 7
2553 3089 2621 3136 sq.

1207 3180 1236 3227 2
1269 3180 1484 3227 iusticias
1519 3180 1567 3227 Β
1659 3182 1688 3229 3
1722 3180 1849 3228 affixi
1883 3182 1933 3228 Β
2025 3186 2053 3230 6
2090 3184 2270 3244 patitur
2301 3184 2413 3230 DP¹
2541 3184 2707 3245 grauia
2739 3184 2788 3231 P
2818 3188 2866 3241 (a
2891 3198 2971 3243 pr.
3004 3198 3043 3231 s.
3076 3187 3147 3242 a.)

1144 3259 1175 3307 8
1193 3259 1238 3306 ei
1254 3260 1358 3306 sela
1377 3274 1513 3321 posse
1529 3260 1579 3306 Β
1639 3260 1670 3307 9
1688 3275 1969 3308 euanescere
1986 3262 2034 3308 P
2051 3265 2095 3319 (e
2116 3262 2200 3311 alt.
2221 3276 2278 3309 m:
2294 3262 2309 3308 i
2326 3262 2430 3323 m2)
2501 3264 2559 3310 10
2577 3278 2678 3309 esse
2699 3265 2860 3321 (eras.)
2880 3263 3148 3322 grauiorem

1145 3337 1306 3385 esseB
1394 3337 1447 3384 11
1472 3341 1521 3385 et
1537 3338 1626 3386 del.
1653 3338 1725 3385 ed.
1755 3337 1937 3394 Colon„
1954 3339 2076 3398 sort.
2103 3345 2225 3386 recte
2309 3340 2364 3387 12
2389 3340 2583 3388 summis
2608 3340 2657 3387 P
2678 3346 2719 3392 (s
2732 3354 2807 3400 pr.
2827 3345 2932 3387 etm
2949 3354 3023 3400 pr.
3042 3354 3080 3386 a.
3097 3354 3143 3386 u.

1143 3417 1245 3473 m2)
1355 3413 1453 3461 labi
1485 3416 1533 3462 P
1565 3416 1614 3473 (b
1648 3431 1706 3463 cx
1738 3421 1786 3477 p)
1892 3422 2124 3465 assereret
2155 3432 2204 3465 se
2238 3418 2286 3465 B
2352 3418 2408 3466 13
2443 3417 2713 3465 huiusmodi
2745 3418 2793 3465 P
2824 3418 2860 3472 (i
2886 3432 2965 3478 pr.
3002 3433 3061 3466 ea:
3095 3422 3140 3472 u)

1151 3495 1206 3540 14
1240 3493 1507 3554 indignatio
1535 3510 1562 3541 a
1587 3490 1680 3541 dno
1704 3495 1754 3542 Β
1846 3497 2018 3556 ningat
2042 3496 2089 3542 P
2118 3497 2287 3557 iungat
2319 3503 2402 3544 cet.
2496 3497 2693 3544 interitu
2717 3496 2766 3543 B
2831 3497 2889 3545 16
2922 3500 3022 3544 ster
3041 3510 3143 3545 core

1145 3577 1187 3628 (r
1200 3585 1281 3632 pr.
1299 3577 1439 3618 extra
1461 3575 1531 3632 u.)
1565 3572 1734 3620 sedens
1769 3575 1838 3633 (se
1869 3588 1906 3623 a.
1941 3580 2008 3631 u.)
2035 3575 2084 3621 P
2146 3576 2202 3623 17
2230 3576 2463 3623 uiuicibus
2488 3576 2536 3622 P
2565 3575 2810 3623 uiuacibus
2840 3575 2881 3622 (J
2908 3576 3142 3624 iudicibus

1145 3649 1197 3696 D
1228 3649 1463 3697 indicibus
1487 3651 1547 3698 P'
1583 3652 1652 3710 (in
1684 3666 1743 3700 ex
1773 3653 1859 3710 iu),
1893 3667 1981 3700 om.
2016 3653 2063 3699 B
2094 3654 2257 3713 spatio
2288 3655 2455 3702 relicto
2581 3654 2734 3701 saeuis
2757 3654 2805 3700 P
2834 3654 2877 3714 (s
2911 3654 2997 3701 alt.
3031 3669 3068 3702 s.
3094 3670 3140 3701 u.

1142 3731 1243 3786 ²112)
1271 3727 1313 3776 Ο
1406 3728 1464 3775 18
1495 3729 1687 3791 perfuso
1719 3729 1768 3777 Β
1865 3731 1922 3777 19
1955 3729 2253 3792 acquirendis
2289 3731 2393 3778 BP
2429 3731 2730 3792 adquirendis
2762 3730 2862 3778 DC
2953 3733 3013 3780 20
3045 3732 3138 3779 sor·

1144 3806 1289 3852 tiores
1321 3804 1369 3852 P
1400 3805 1437 3867 (i
1469 3818 1505 3853 s.
1539 3813 1609 3865 u.)
1781 3822 2018 3856 semones
2052 3810 2120 3869 (es
2154 3823 2212 3856 ex
2242 3808 2303 3870 is)
2336 3810 2467 3870 aegri
2499 3809 2536 3870 (i
2560 3815 2734 3869 postea
2767 3810 2902 3866 add.)
2939 3810 3140 3858 hominis

1145 3885 1228 3942 (mi
1259 3898 1296 3931 s.
1331 3898 1377 3929 u.
1411 3888 1511 3939 m2)
1545 3883 1594 3933 P
1740 3888 1796 3934 21
1841 3888 2054 3935 iustitias
2086 3887 2295 3935 BDP‘C
2449 3889 2509 3936 24
2555 3887 2729 3948 deniqu
2767 3889 2808 3935 G
2837 3888 2895 3936 de
2930 3904 3024 3950 quo
3058 3895 3135 3937 cet.

1143 3961 1278 4024 deus}
1313 3964 1387 4009 ibs
1420 3963 1531 4010 DP¹
