4242 4694
1258 513 1333 571 50
2088 508 2434 558 Ambrosii

1255 683 1715 741 resurrectionem
1787 682 2058 740 tribueret
2128 681 2532 741 defunctorum.
2612 682 2756 740 unde
2824 700 2933 740 non
3006 682 3265 741 inmerito

1259 779 1483 836 exortus
1515 780 1605 836 est
1635 777 1723 835 sol
1755 780 1946 836 sancto
1970 776 2153 846 Iacob,
2180 776 2344 836 cuius
2377 778 2564 852 generi
2598 795 2728 834 crux
2760 777 2971 836 domini
3001 779 3268 836 salutaris

1255 871 1477 941 inluxit,
1517 870 1688 929 simul
1734 871 1867 945 quia
1914 871 1999 928 sol
2049 870 2099 928 ei
2150 871 2362 929 oriatur
2405 871 2658 928 iustitiae
2707 870 2802 945 qui
2850 871 3016 929 deum
3069 872 3267 940 cernit,

1164 969 1235 1027 31
1259 965 1389 1038 quia
1444 964 1565 1039 ipse
1614 967 1712 1024 est
1763 965 1951 1023 lumen
2008 968 2316 1023 aeternum.
2373 963 2713 1023 claudicauit
2764 969 2952 1023 autem
3007 966 3173 1024 Iacob
3232 982 3270 1022 a

1257 1060 1467 1117 femore
1523 1075 1646 1117 suo.
1707 1062 2003 1134 propter
2055 1059 2185 1117 hoc
2241 1076 2372 1117 non
2429 1059 2857 1117 manducant
2909 1059 3267 1133 hodieque
3318 1080 3342 1116 s

1256 1153 1410 1212 filii
1432 1153 1751 1211 Istrahel
1784 1170 2091 1212 neruum.
2118 1154 2335 1211 utinam
2349 1153 2781 1211 manducassent
2796 1154 3265 1216 etcredidissent!
3344 1161 3383 1210 Β

1259 1250 1357 1309 sed
1404 1250 1538 1325 quia
1584 1265 1692 1306 uon
1743 1251 1899 1306 erant
1937 1248 2140 1306 facturi
2161 1243 2528 1306 'uoluntatem
2571 1248 2680 1314 dei,
2720 1248 2846 1306 ideo
2886 1266 2995 1306 non
3034 1248 3269 1307 mandu-

1257 1346 1541 1402 cauerunt.
1584 1345 1716 1401 sunt
1756 1345 1814 1400 et
1852 1343 1951 1416 qui
1988 1342 2069 1399 ita
2104 1341 2397 1415 accipiant,
2431 1359 2495 1400 eo
2528 1340 2677 1415 quod
2709 1341 2832 1399 ideo
2868 1342 3271 1402 claudicauerit

1144 1504 1150 1510 ,
1257 1439 1326 1497 ab
1366 1455 1478 1497 uno
1517 1437 1726 1496 femore
1765 1435 1951 1505 Iacob,
1986 1436 2116 1510 quia
2155 1435 2373 1494 duobus
2405 1437 2628 1510 populis
2661 1454 2725 1494 ex
2758 1436 2879 1494 eius
2912 1437 3267 1511 generatione

1257 1531 1612 1591 manantibus
1651 1531 1819 1589 unius
1859 1533 2056 1606 stupor
2093 1530 2205 1587 iam
2243 1547 2370 1588 mox
2410 1529 2557 1588 circa
2596 1529 2724 1588 fidei
2758 1530 2992 1606 gratiam
3025 1530 3267 1588 declara-
3299 1550 3341 1584 ιι

1255 1625 1422 1684 batur
1468 1625 1710 1686 futurus.
1766 1626 1889 1702 ipse
1938 1628 2027 1683 est
2073 1641 2204 1700 ergo
2258 1625 2521 1698 populus,
2571 1625 2667 1698 qui
2723 1627 2951 1699 stupore
3005 1624 3267 1696 perfidiae

1250 1719 1617 1779 -claudicauit.
3341 1725 3374 1776 c

1167 1825 1243 1882 32
1336 1815 1588 1889 Denique
1626 1830 1735 1871 non
1777 1814 1955 1871 multo
1996 1815 2127 1887 post
2162 1813 2561 1871 reuelatiouem
2599 1812 2921 1871 istiusmodi
2954 1830 3083 1870 cum
3114 1815 3270 1871 esset

1258 1908 1328 1966 ab
1383 1907 1724 1983 alienigenae
1779 1907 1895 1966 filie
1950 1908 2116 1975 Dina,
2170 1907 2337 1965 Iacob
2400 1906 2531 1977 filia,
2598 1906 2858 1965 deflorato
2922 1907 3267 1982 uirginitatis

1257 2003 1467 2077 pudore
1497 2006 1785 2071 temerata,
1817 2002 2015 2061 fratres
2048 2003 2190 2070 eius,
2225 2003 2321 2076 qui
2354 2019 2460 2059 non
2493 2002 2883 2061 intellexerunt
2912 2003 3264 2076 mysterium.
3296 2015 3338 2051 ¹⁵

1258 2096 1615 2171 alienigenas,
1673 2097 1771 2171 qui
1828 2095 2153 2156 societatem
2209 2095 2338 2153 fidei
2393 2112 2494 2168 per
2546 2095 2992 2154 coniunctionem
3048 2095 3266 2170 generis

1260 2190 1580 2259 offerebant,
1641 2189 1923 2248 uindictae
1989 2189 2176 2247 studio
2241 2192 2610 2262 peremerunt,
2672 2189 2839 2247 Iacob
2903 2191 3111 2260 autem,
3167 2193 3269 2262 qui

1258 2284 1456 2343 morali
1493 2285 1920 2343 mansuetudine
1961 2284 2314 2342 clementiam
2355 2284 2626 2359 diligebat
2663 2284 2758 2341 uel
2790 2283 3027 2357 mystico
3062 2283 3266 2356 spiritu

1260 2382 1665 2439 sacramentum
1707 2378 2122 2454 congregandae
2161 2395 2226 2435 ex
2265 2379 2528 2453 gentibus
2567 2376 2928 2452 praeuidebat
2975 2377 3264 2447 ecclesiae,
3333 2377 3372 2426 D

1258 2473 1471 2531 inuitus
1529 2475 1586 2531 et
1639 2472 1892 2531 dolenter
1946 2489 2201 2531 scaenam
2254 2472 2410 2529 illam
2468 2475 2689 2530 exactae
2744 2471 2976 2529 ultionis
3028 2469 3263 2544 accepit.
3292 2482 3336 2520 ⁸·

1258 2567 1406 2626 unde
1453 2567 1810 2642 prophetanti
1857 2567 2161 2625 aduentum
2208 2566 2414 2624 domini
2462 2566 2594 2623 Iesu
2640 2581 2970 2638 responsum
3010 2564 3266 2621 diuinum
3318 2580 3323 2588 ·

1261 2662 1350 2719 est
1388 2661 1607 2719 datum:
1660 2677 2051 2734 exsurgens
2099 2659 2402 2717 ascende
2449 2659 2518 2717 in
2565 2659 2800 2717 locum
2841 2658 3112 2726 Bethel‚
3155 2658 3263 2715 hoc

1261 2757 1354 2814 est
1385 2753 1453 2813 ·'in
1501 2755 1730 2814 domum
1777 2754 1955 2829 panis,
1995 2754 2091 2811 ubi
2139 2757 2302 2813 natus
2345 2756 2434 2811 est
2473 2752 2748 2823 Christus,
2791 2753 2941 2811 sicut
2978 2752 3263 2810 Michaeas

1421 3001 1446 3049 1
1482 2998 1599 3050 Gen.
1632 3001 1710 3058 32,
1743 3000 1800 3049 31
1898 3000 1928 3046 3
1961 2999 2162 3048 Malach.
2195 3001 2241 3055 4,
2273 2999 2303 3046 2
2397 2999 2428 3046 4
2461 2997 2577 3047 Gen.
2612 2999 2689 3057 32,
2721 2999 2778 3046 31
2815 3001 2866 3046 et
2895 2999 2957 3046 32
3055 2999 3113 3046 14
3140 2998 3257 3048 Gen.

1261 3080 1340 3137 84,
1370 3080 1402 3135 ⁴5
1435 3081 1487 3128 st
1515 3079 1578 3128 25
1610 3093 1715 3141 sqq.
1810 3078 1872 3127 20
1903 3076 2022 3127 Gen.
2057 3078 2120 3125 34
2166 3078 2227 3126 30
2322 3078 2383 3126 22
2416 3075 2532 3125 Gen.
2568 3077 2645 3131 35,
2681 3077 2704 3123 1

1326 3253 1356 3299 2
1404 3236 1486 3299 ‹in-i
1517 3264 1577 3300 a
1610 3237 1698 3298 diss
1730 3253 1813 3298 ΜΒ
1827 3249 1923 3299 AP
2101 3248 2354 3296 saluatoris
2386 3247 2451 3296 N'
2595 3248 2625 3296 3
2658 3247 2839 3295 oriatur
2860 3247 2958 3296 ΔΡ
2987 3247 3139 3295 oritur
3171 3255 3256 3296 cet.

1263 3329 1293 3378 5
1322 3328 1562 3392 hodieque
1585 3328 1636 3377 P
1665 3328 1776 3391 (que
1807 3328 1951 3388 eras.)
2014 3329 2043 3376 6
2067 3327 2181 3376 filiis
2213 3327 2262 3374 P
2291 3330 2333 3384 (s
2357 3325 2501 3387 eras.)
2533 3326 2621 3373 filii
2645 3325 2700 3373 E
2727 3326 2763 3383 (i
2797 3331 2899 3373 tert.
2926 3331 3100 3386 postea
3121 3325 3262 3385 add.)

1324 3407 1504 3456 israhel
1533 3407 1583 3455 P
1609 3407 1701 3455 ἰπὶ
1730 3411 1814 3456 cet.
1926 3408 1952 3455 7
1988 3408 2123 3454 erant
2156 3410 2206 3463 (n
2236 3407 2370 3463 au.)
2405 3404 2509 3451 AV
2603 3403 2633 3451 8
2667 3418 2723 3452 eo
2758 3404 2848 3453 del.
2879 3407 2964 3451 ”⁸2
2992 3403 3054 3462 P,
3086 3416 3175 3450 om.
3208 3403 3267 3452 N

1325 3486 1690 3536 claudicaueriot
1721 3486 1769 3534 A
1802 3487 1852 3548 (n
1884 3486 2030 3543 cras.)
2145 3485 2205 3533 10
2235 3484 2376 3532 unius
2405 3483 2535 3534 st¹¹E
2561 3486 2606 3530 et
2640 3483 2677 3543 (i
2709 3497 2745 3530 s.
2778 3496 2827 3530 u.
2861 3486 2961 3541 2212)
3004 3480 3106 3533 ΡΥ
3139 3495 3263 3530 unus

1261 3570 1348 3614 cet.
1537 3567 1704 3628 stupor
1732 3565 1831 3615 iam
1862 3578 1970 3613 mox
1998 3564 2171 3624 scripsi
2203 3562 2550 3624 stuporiarnons
2581 3566 2656 3608 ml
2672 3560 2768 3608 AP
2796 3564 2962 3623 stupor
2991 3560 3086 3607 iam
3117 3559 3268 3608 Pus2

1262 3645 1430 3705 stupor
1460 3643 1557 3692 iam
1587 3647 1703 3691 tuuc
1732 3644 1880 3690 Δηώ
1910 3647 1993 3692 cet.
2062 3641 2120 3690 11
2155 3644 2230 3689 est
2260 3654 2298 3688 s.
2324 3655 2371 3690 u.
2398 3644 2481 3687 πω
2512 3639 2627 3696 Voe,
2662 3643 2736 3687 ml
2767 3639 2820 3694 T.
2854 3653 2943 3688 om.
2967 3639 3012 3689 2(
3079 3638 3135 3686 14
3160 3637 3266 3686 filia

1262 3722 1400 3770 iacob
1441 3720 1588 3770 VNT
1722 3720 1953 3769 deflorata
1984 3722 2032 3771 A
2064 3724 2207 3779 (corr.
2239 3734 2300 3767 m.
2337 3723 2460 3781 ant.)
2493 3719 2543 3767 Ρ
2698 3719 2756 3767 15
2787 3718 2977 3766 misceri
3007 3718 3056 3766 A
3089 3722 3144 3774 (s.
3176 3721 3267 3766 πω

1261 3800 1547 3861 misterium)
1579 3800 1780 3862 mysceri
1814 3800 1864 3848 P
2012 3800 2069 3847 16
2103 3799 2283 3864 alienas
2315 3798 2363 3847 A
2396 3799 2450 3861 (s.
2481 3802 2567 3846 ”⁸2
2598 3798 2911 3860 alienigenas)
3064 3796 3122 3844 17
3153 3810 3262 3858 per-

1260 3880 1504 3929 himeruut
1533 3879 1582 3926 A
1617 3878 1843 3941 (perham.
1875 3893 1935 3925 m.
1971 3883 2093 3936 mut.)
2197 3878 2260 3930 20
2291 3892 2508 3925 scaenam
2530 3876 2636 3927 ΡΨ
2668 3891 2855 3924 scenam
2880 3880 2962 3923 cet.
3056 3875 3116 3922 21
3150 3888 3262 3936 pro-

1261 3958 1438 4008 fetanti
1458 3957 1600 4009 Pru
1678 3958 1740 4005 22
1773 3956 1973 4005 ascende
1999 3959 2049 4005 A
2082 3961 2123 4016 (s
2154 3972 2194 4005 s.
2225 3961 2294 4019 u.)
2423 3956 2660 4004 bethleem
2694 3955 2742 4002 P
2817 3955 2878 4002 23
2912 3953 3118 4001 micheas
3144 3952 3265 4000 libra·
