<?xml version="1.0" encoding="UTF-8"?>
<!DOCTYPE html PUBLIC "-//W3C//DTD XHTML 1.0 Transitional//EN"
    "http://www.w3.org/TR/xhtml1/DTD/xhtml1-transitional.dtd">
<html xmlns="http://www.w3.org/1999/xhtml" xml:lang="en" lang="en">
 <head>
  <title>
</title>
<meta http-equiv="Content-Type" content="text/html;charset=utf-8" />
  <meta name='ocr-system' content='tesseract 3.04.00' />
  <meta name='ocr-capabilities' content='ocr_page ocr_carea ocr_par ocr_line ocrx_word'/>
</head>
<body>
  <div class='ocr_page' id='page_1' title='image "./sanctiambrosiio03petsgoog_0012.png"; bbox 0 0 4242 4694; ppageno 0'>
   <div class='ocr_carea' id='block_1_1' title="bbox 1220 541 2414 600">
    <p class='ocr_par' dir='ltr' id='par_1_1' title="bbox 1220 541 2414 600">
     <span class='ocr_line' id='line_1_1' title="bbox 1220 541 2414 600; baseline -0.008 0"><span class='ocrx_word' id='word_1_1' title='bbox 1220 543 1274 600; x_wconf 91' lang='lat' dir='ltr'><strong>Il</strong></span> <span class='ocrx_word' id='word_1_2' title='bbox 2030 541 2414 595; x_wconf 76' lang='lat' dir='ltr'><strong>Praefatio.</strong></span> 
     </span>
    </p>
   </div>
   <div class='ocr_carea' id='block_1_2' title="bbox 1220 712 3227 1353">
    <p class='ocr_par' dir='ltr' id='par_1_2' title="bbox 1220 712 3227 1353">
     <span class='ocr_line' id='line_1_2' title="bbox 1222 712 3227 788; baseline 0.001 -18"><span class='ocrx_word' id='word_1_3' title='bbox 1222 712 1422 770; x_wconf 87' lang='lat' dir='ltr'><strong>ciatam</strong></span> <span class='ocrx_word' id='word_1_4' title='bbox 1481 728 1604 770; x_wconf 90' lang='lat' dir='ltr'><strong>esse</strong></span> <span class='ocrx_word' id='word_1_5' title='bbox 1659 712 1936 770; x_wconf 87' lang='lat' dir='ltr'><strong>uidemus.</strong></span> <span class='ocrx_word' id='word_1_6' title='bbox 1993 713 2162 771; x_wconf 90' lang='lat' dir='ltr'><strong>uariis</strong></span> <span class='ocrx_word' id='word_1_7' title='bbox 2211 714 2386 788; x_wconf 85' lang='lat' dir='ltr'><strong>igitur</strong></span> <span class='ocrx_word' id='word_1_8' title='bbox 2432 714 2610 772; x_wconf 89' lang='lat' dir='ltr'><strong>modis</strong></span> <span class='ocrx_word' id='word_1_9' title='bbox 2657 716 2768 773; x_wconf 85' lang='lat' dir='ltr'><strong>iam</strong></span> <span class='ocrx_word' id='word_1_10' title='bbox 2808 716 2936 773; x_wconf 87' lang='lat' dir='ltr'><strong>inde</strong></span> <span class='ocrx_word' id='word_1_11' title='bbox 2978 716 3045 773; x_wconf 91' lang='lat' dir='ltr'><strong>ab</strong></span> <span class='ocrx_word' id='word_1_12' title='bbox 3087 717 3227 773; x_wconf 88' lang='lat' dir='ltr'><strong>anti-</strong></span> 
     </span>
     <span class='ocr_line' id='line_1_3' title="bbox 1222 805 3225 881; baseline 0.002 -19"><span class='ocrx_word' id='word_1_13' title='bbox 1222 805 1509 879; x_wconf 88' lang='lat' dir='ltr'><strong>quissimis</strong></span> <span class='ocrx_word' id='word_1_14' title='bbox 1563 806 1907 880; x_wconf 80' lang='lat' dir='ltr'><strong>temporibus</strong></span> <span class='ocrx_word' id='word_1_15' title='bbox 1956 806 2236 864; x_wconf 81' lang='lat' dir='ltr'><strong>Ambrosii</strong></span> <span class='ocrx_word' id='word_1_16' title='bbox 2293 809 2621 881; x_wconf 77' lang='lat' dir='ltr'><strong>scriptiones</strong></span> <span class='ocrx_word' id='word_1_17' title='bbox 2678 809 2940 868; x_wconf 89' lang='lat' dir='ltr'><strong>collectas</strong></span> <span class='ocrx_word' id='word_1_18' title='bbox 2983 813 3040 867; x_wconf 89' lang='lat' dir='ltr'><strong>et</strong></span> <span class='ocrx_word' id='word_1_19' title='bbox 3078 826 3225 868; x_wconf 90' lang='lat' dir='ltr'><strong>com·</strong></span> 
     </span>
     <span class='ocr_line' id='line_1_4' title="bbox 1220 901 3223 974; baseline 0.001 -16"><span class='ocrx_word' id='word_1_20' title='bbox 1220 901 1435 973; x_wconf 88' lang='lat' dir='ltr'><strong>positas</strong></span> <span class='ocrx_word' id='word_1_21' title='bbox 1500 917 1624 958; x_wconf 89' lang='lat' dir='ltr'><strong>esse</strong></span> <span class='ocrx_word' id='word_1_22' title='bbox 1686 903 1857 974; x_wconf 87' lang='lat' dir='ltr'><strong>patet.</strong></span> <span class='ocrx_word' id='word_1_23' title='bbox 1923 918 2088 974; x_wconf 89' lang='lat' dir='ltr'><strong>quam</strong></span> <span class='ocrx_word' id='word_1_24' title='bbox 2153 901 2223 958; x_wconf 93' lang='lat' dir='ltr'><strong>ob</strong></span> <span class='ocrx_word' id='word_1_25' title='bbox 2289 919 2404 959; x_wconf 92' lang='lat' dir='ltr'><strong>rem</strong></span> <span class='ocrx_word' id='word_1_26' title='bbox 2470 902 2647 960; x_wconf 88' lang='lat' dir='ltr'><strong>satius</strong></span> <span class='ocrx_word' id='word_1_27' title='bbox 2711 903 2841 961; x_wconf 79' lang='lat' dir='ltr'><strong>duxi</strong></span> <span class='ocrx_word' id='word_1_28' title='bbox 2895 904 2997 962; x_wconf 91' lang='lat' dir='ltr'><strong>hos</strong></span> <span class='ocrx_word' id='word_1_29' title='bbox 3052 903 3223 963; x_wconf 90' lang='lat' dir='ltr'><strong>libros</strong></span> 
     </span>
     <span class='ocr_line' id='line_1_5' title="bbox 1222 994 3220 1071; baseline 0.001 -19"><span class='ocrx_word' id='word_1_30' title='bbox 1222 994 1525 1052; x_wconf 86' lang='lat' dir='ltr'><strong>secundum</strong></span> <span class='ocrx_word' id='word_1_31' title='bbox 1568 1011 1695 1052; x_wconf 90' lang='lat' dir='ltr'><strong>eum</strong></span> <span class='ocrx_word' id='word_1_32' title='bbox 1735 998 2050 1069; x_wconf 90' lang='lat' dir='ltr'><strong>temporum</strong></span> <span class='ocrx_word' id='word_1_33' title='bbox 2091 995 2354 1063; x_wconf 79' lang='lat' dir='ltr'><strong>ordinem,</strong></span> <span class='ocrx_word' id='word_1_34' title='bbox 2396 996 2491 1069; x_wconf 92' lang='lat' dir='ltr'><strong>qui</strong></span> <span class='ocrx_word' id='word_1_35' title='bbox 2532 1014 2689 1054; x_wconf 88' lang='lat' dir='ltr'><strong>sacra</strong></span> <span class='ocrx_word' id='word_1_36' title='bbox 2727 998 2999 1071; x_wconf 88' lang='lat' dir='ltr'><strong>scriptura</strong></span> <span class='ocrx_word' id='word_1_37' title='bbox 3038 996 3220 1054; x_wconf 85' lang='lat' dir='ltr'><strong>defini·</strong></span> 
     </span>
     <span class='ocr_line' id='line_1_6' title="bbox 1220 1088 3224 1163; baseline 0.002 -19"><span class='ocrx_word' id='word_1_38' title='bbox 1220 1091 1330 1155; x_wconf 87' lang='lat' dir='ltr'><strong>tur,</strong></span> <span class='ocrx_word' id='word_1_39' title='bbox 1395 1088 1683 1162; x_wconf 89' lang='lat' dir='ltr'><strong>disponere</strong></span> <span class='ocrx_word' id='word_1_40' title='bbox 1745 1089 1841 1158; x_wconf 88' lang='lat' dir='ltr'><strong>ita,</strong></span> <span class='ocrx_word' id='word_1_41' title='bbox 1906 1092 1971 1147; x_wconf 88' lang='lat' dir='ltr'><strong>ut</strong></span> <span class='ocrx_word' id='word_1_42' title='bbox 2034 1106 2316 1147; x_wconf 85' lang='lat' dir='ltr'><strong>sermones</strong></span> <span class='ocrx_word' id='word_1_43' title='bbox 2380 1090 2447 1147; x_wconf 93' lang='lat' dir='ltr'><strong>de</strong></span> <span class='ocrx_word' id='word_1_44' title='bbox 2510 1090 2948 1163; x_wconf 83' lang='lat' dir='ltr'><strong>interpellatione</strong></span> <span class='ocrx_word' id='word_1_45' title='bbox 3003 1090 3102 1148; x_wconf 94' lang='lat' dir='ltr'><strong>Iob</strong></span> <span class='ocrx_word' id='word_1_46' title='bbox 3168 1097 3224 1149; x_wconf 85' lang='lat' dir='ltr'><strong>et</strong></span> 
     </span>
     <span class='ocr_line' id='line_1_7' title="bbox 1221 1182 3221 1259; baseline 0.003 -21"><span class='ocrx_word' id='word_1_47' title='bbox 1221 1182 1406 1239; x_wconf 87' lang='lat' dir='ltr'><strong>Dauid</strong></span> <span class='ocrx_word' id='word_1_48' title='bbox 1460 1183 1689 1241; x_wconf 89' lang='lat' dir='ltr'><strong>libellus</strong></span> <span class='ocrx_word' id='word_1_49' title='bbox 1746 1184 1813 1241; x_wconf 90' lang='lat' dir='ltr'><strong>de</strong></span> <span class='ocrx_word' id='word_1_50' title='bbox 1869 1184 2127 1259; x_wconf 88' lang='lat' dir='ltr'><strong>apologia</strong></span> <span class='ocrx_word' id='word_1_51' title='bbox 2173 1184 2356 1242; x_wconf 90' lang='lat' dir='ltr'><strong>Dauid</strong></span> <span class='ocrx_word' id='word_1_52' title='bbox 2413 1188 2579 1259; x_wconf 87' lang='lat' dir='ltr'><strong>atque</strong></span> <span class='ocrx_word' id='word_1_53' title='bbox 2637 1185 2782 1243; x_wconf 89' lang='lat' dir='ltr'><strong>hunc</strong></span> <span class='ocrx_word' id='word_1_54' title='bbox 2839 1186 3107 1259; x_wconf 86' lang='lat' dir='ltr'><strong>opuscula</strong></span> <span class='ocrx_word' id='word_1_55' title='bbox 3155 1186 3221 1243; x_wconf 86' lang='lat' dir='ltr'><strong>de</strong></span> 
     </span>
     <span class='ocr_line' id='line_1_8' title="bbox 1221 1274 2611 1353; baseline 0.002 -20"><span class='ocrx_word' id='word_1_56' title='bbox 1221 1276 1403 1346; x_wconf 86' lang='lat' dir='ltr'><strong>Helia,</strong></span> <span class='ocrx_word' id='word_1_57' title='bbox 1447 1276 1513 1333; x_wconf 92' lang='lat' dir='ltr'><strong>de</strong></span> <span class='ocrx_word' id='word_1_58' title='bbox 1555 1274 1866 1346; x_wconf 83' lang='lat' dir='ltr'><strong>Nabuthae,</strong></span> <span class='ocrx_word' id='word_1_59' title='bbox 1911 1276 1977 1334; x_wconf 91' lang='lat' dir='ltr'><strong>de</strong></span> <span class='ocrx_word' id='word_1_60' title='bbox 2018 1277 2191 1336; x_wconf 86' lang='lat' dir='ltr'><strong>Tobia</strong></span> <span class='ocrx_word' id='word_1_61' title='bbox 2234 1283 2611 1353; x_wconf 87' lang='lat' dir='ltr'><strong>sequerentur.</strong></span> 
     </span>
    </p>
   </div>
   <div class='ocr_carea' id='block_1_3' title="bbox 2197 1663 2242 1720">
    <p class='ocr_par' dir='ltr' id='par_1_3' title="bbox 2197 1663 2242 1720">
     <span class='ocr_line' id='line_1_9' title="bbox 2197 1663 2242 1720; baseline 0.022 -1"><span class='ocrx_word' id='word_1_62' title='bbox 2197 1663 2242 1720; x_wconf 91' lang='lat' dir='ltr'><strong>I.</strong></span> 
     </span>
    </p>
   </div>
   <div class='ocr_carea' id='block_1_4' title="bbox 1213 1922 3223 4067">
    <p class='ocr_par' dir='ltr' id='par_1_4' title="bbox 1213 1922 3223 4067">
     <span class='ocr_line' id='line_1_10' title="bbox 1297 1922 3217 1998; baseline -0.001 -16"><span class='ocrx_word' id='word_1_63' title='bbox 1297 1922 1500 1982; x_wconf 89' lang='lat' dir='ltr'><strong>Omnes</strong></span> <span class='ocrx_word' id='word_1_64' title='bbox 1542 1941 1681 1997; x_wconf 90' lang='lat' dir='ltr'><strong>quos</strong></span> <span class='ocrx_word' id='word_1_65' title='bbox 1723 1926 1827 1982; x_wconf 90' lang='lat' dir='ltr'><strong>hoc</strong></span> <span class='ocrx_word' id='word_1_66' title='bbox 1869 1925 2131 1983; x_wconf 89' lang='lat' dir='ltr'><strong>uolumen</strong></span> <span class='ocrx_word' id='word_1_67' title='bbox 2175 1924 2565 1998; x_wconf 84' lang='lat' dir='ltr'><strong>complectitur</strong></span> <span class='ocrx_word' id='word_1_68' title='bbox 2602 1922 2881 1981; x_wconf 81' lang='lat' dir='ltr'><strong>Ambrosii</strong></span> <span class='ocrx_word' id='word_1_69' title='bbox 2919 1922 3047 1980; x_wconf 88' lang='lat' dir='ltr'><strong>libri</strong></span> <span class='ocrx_word' id='word_1_70' title='bbox 3086 1923 3217 1996; x_wconf 90' lang='lat' dir='ltr'><strong>quin</strong></span> 
     </span>
     <span class='ocr_line' id='line_1_11' title="bbox 1218 2016 3221 2093; baseline -0 -17"><span class='ocrx_word' id='word_1_71' title='bbox 1218 2036 1281 2076; x_wconf 89' lang='lat' dir='ltr'><strong>ex</strong></span> <span class='ocrx_word' id='word_1_72' title='bbox 1346 2018 1688 2077; x_wconf 86' lang='lat' dir='ltr'><strong>orationibus</strong></span> <span class='ocrx_word' id='word_1_73' title='bbox 1755 2035 1893 2093; x_wconf 88' lang='lat' dir='ltr'><strong>quas</strong></span> <span class='ocrx_word' id='word_1_74' title='bbox 1955 2018 2054 2076; x_wconf 90' lang='lat' dir='ltr'><strong>ille</strong></span> <span class='ocrx_word' id='word_1_75' title='bbox 2125 2018 2181 2075; x_wconf 88' lang='lat' dir='ltr'><strong>in</strong></span> <span class='ocrx_word' id='word_1_76' title='bbox 2254 2017 2489 2075; x_wconf 84' lang='lat' dir='ltr'><strong>basilica</strong></span> <span class='ocrx_word' id='word_1_77' title='bbox 2549 2016 2953 2076; x_wconf 81' lang='lat' dir='ltr'><strong>Mediolanensi</strong></span> <span class='ocrx_word' id='word_1_78' title='bbox 3024 2016 3221 2075; x_wconf 89' lang='lat' dir='ltr'><strong>habuit</strong></span> 
     </span>
     <span class='ocr_line' id='line_1_12' title="bbox 1218 2110 3217 2185; baseline -0.001 -15"><span class='ocrx_word' id='word_1_79' title='bbox 1218 2111 1525 2171; x_wconf 88' lang='lat' dir='ltr'><strong>concinnati</strong></span> <span class='ocrx_word' id='word_1_80' title='bbox 1586 2111 1698 2170; x_wconf 89' lang='lat' dir='ltr'><strong>sint</strong></span> <span class='ocrx_word' id='word_1_81' title='bbox 1763 2110 2004 2169; x_wconf 90' lang='lat' dir='ltr'><strong>dubitari</strong></span> <span class='ocrx_word' id='word_1_82' title='bbox 2068 2127 2176 2167; x_wconf 89' lang='lat' dir='ltr'><strong>non</strong></span> <span class='ocrx_word' id='word_1_83' title='bbox 2232 2112 2435 2183; x_wconf 89' lang='lat' dir='ltr'><strong>potest.</strong></span> <span class='ocrx_word' id='word_1_84' title='bbox 2488 2113 2676 2185; x_wconf 75' lang='lat' dir='ltr'><strong>¹atque</strong></span> <span class='ocrx_word' id='word_1_85' title='bbox 2734 2114 2800 2172; x_wconf 89' lang='lat' dir='ltr'><strong>ut</strong></span> <span class='ocrx_word' id='word_1_86' title='bbox 2846 2128 2879 2169; x_wconf 89' lang='lat' dir='ltr'><strong>a</strong></span> <span class='ocrx_word' id='word_1_87' title='bbox 2924 2110 3080 2168; x_wconf 82' lang='lat' dir='ltr'><strong>libris</strong></span> <span class='ocrx_word' id='word_1_88' title='bbox 3139 2111 3217 2169; x_wconf 89' lang='lat' dir='ltr'><strong>de</strong></span> 
     </span>
     <span class='ocr_line' id='line_1_13' title="bbox 1215 2204 3215 2280; baseline 0.001 -19"><span class='ocrx_word' id='word_1_89' title='bbox 1215 2205 1428 2263; x_wconf 85' lang='lat' dir='ltr'><strong>Iacob</strong></span> <span class='ocrx_word' id='word_1_90' title='bbox 1470 2208 1528 2263; x_wconf 91' lang='lat' dir='ltr'><strong>et</strong></span> <span class='ocrx_word' id='word_1_91' title='bbox 1566 2205 1685 2262; x_wconf 86' lang='lat' dir='ltr'><strong>uita</strong></span> <span class='ocrx_word' id='word_1_92' title='bbox 1723 2205 1888 2262; x_wconf 87' lang='lat' dir='ltr'><strong>beata</strong></span> <span class='ocrx_word' id='word_1_93' title='bbox 1927 2205 2225 2274; x_wconf 85' lang='lat' dir='ltr'><strong>ordiamur,</strong></span> <span class='ocrx_word' id='word_1_94' title='bbox 2266 2204 2326 2261; x_wconf 92' lang='lat' dir='ltr'><strong>id</strong></span> <span class='ocrx_word' id='word_1_95' title='bbox 2366 2205 2753 2278; x_wconf 87' lang='lat' dir='ltr'><strong>comprobatur</strong></span> <span class='ocrx_word' id='word_1_96' title='bbox 2790 2204 2977 2262; x_wconf 86' lang='lat' dir='ltr'><strong>uerbis</strong></span> <span class='ocrx_word' id='word_1_97' title='bbox 3012 2221 3072 2280; x_wconf 89' lang='lat' dir='ltr'><strong>p.</strong></span> <span class='ocrx_word' id='word_1_98' title='bbox 3121 2205 3215 2272; x_wconf 84' lang='lat'><strong>45,</strong></span> 
     </span>
     <span class='ocr_line' id='line_1_14' title="bbox 1218 2297 3215 2374; baseline -0.001 -17"><span class='ocrx_word' id='word_1_99' title='bbox 1218 2300 1253 2357; x_wconf 83' lang='lat'>9</span> <span class='ocrx_word' id='word_1_100' title='bbox 1308 2299 1476 2357; x_wconf 88' lang='lat' dir='ltr'><strong>‘sicut</strong></span> <span class='ocrx_word' id='word_1_101' title='bbox 1531 2299 1737 2357; x_wconf 86' lang='lat' dir='ltr'><strong>audisti</strong></span> <span class='ocrx_word' id='word_1_102' title='bbox 1794 2299 1907 2373; x_wconf 86' lang='lat' dir='ltr'><strong>legi</strong></span> <span class='ocrx_word' id='word_1_103' title='bbox 1955 2297 2156 2366; x_wconf 84' lang='lat' dir='ltr'><strong>hodie²,</strong></span> <span class='ocrx_word' id='word_1_104' title='bbox 2198 2299 2402 2372; x_wconf 87' lang='lat' dir='ltr'><strong>quibus</strong></span> <span class='ocrx_word' id='word_1_105' title='bbox 2446 2298 2804 2374; x_wconf 82' lang='lat' dir='ltr'><strong>significatur</strong></span> <span class='ocrx_word' id='word_1_106' title='bbox 2849 2316 2913 2357; x_wconf 89' lang='lat' dir='ltr'><strong>eo</strong></span> <span class='ocrx_word' id='word_1_107' title='bbox 2964 2299 3053 2356; x_wconf 87' lang='lat' dir='ltr'><strong>die</strong></span> <span class='ocrx_word' id='word_1_108' title='bbox 3108 2315 3215 2372; x_wconf 91' lang='lat' dir='ltr'><strong>quo</strong></span> 
     </span>
     <span class='ocr_line' id='line_1_15' title="bbox 1219 2392 3215 2468; baseline 0 -18"><span class='ocrx_word' id='word_1_109' title='bbox 1219 2409 1400 2451; x_wconf 88' lang='lat' dir='ltr'><strong>sermo</strong></span> <span class='ocrx_word' id='word_1_110' title='bbox 1465 2392 1561 2450; x_wconf 91' lang='lat' dir='ltr'><strong>ille</strong></span> <span class='ocrx_word' id='word_1_111' title='bbox 1627 2392 1854 2451; x_wconf 84' lang='lat' dir='ltr'><strong>babitus</strong></span> <span class='ocrx_word' id='word_1_112' title='bbox 1903 2393 1993 2449; x_wconf 90' lang='lat' dir='ltr'><strong>est</strong></span> <span class='ocrx_word' id='word_1_113' title='bbox 2047 2392 2418 2468; x_wconf 86' lang='lat' dir='ltr'><strong>euangelium,</strong></span> <span class='ocrx_word' id='word_1_114' title='bbox 2468 2410 2530 2451; x_wconf 86' lang='lat' dir='ltr'><strong>ex</strong></span> <span class='ocrx_word' id='word_1_115' title='bbox 2580 2410 2689 2467; x_wconf 88' lang='lat' dir='ltr'><strong>quo</strong></span> <span class='ocrx_word' id='word_1_116' title='bbox 2736 2394 2896 2452; x_wconf 90' lang='lat' dir='ltr'><strong>locus</strong></span> <span class='ocrx_word' id='word_1_117' title='bbox 2942 2392 3021 2449; x_wconf 93' lang='lat' dir='ltr'><strong>ibi</strong></span> <span class='ocrx_word' id='word_1_118' title='bbox 3069 2408 3215 2450; x_wconf 90' lang='lat' dir='ltr'><strong>com-</strong></span> 
     </span>
     <span class='ocr_line' id='line_1_16' title="bbox 1216 2484 3215 2561; baseline -0.001 -17"><span class='ocrx_word' id='word_1_119' title='bbox 1216 2490 1556 2548; x_wconf 82' lang='lat' dir='ltr'><strong>memoratus</strong></span> <span class='ocrx_word' id='word_1_120' title='bbox 1628 2487 1989 2561; x_wconf 88' lang='lat' dir='ltr'><strong>depromptus</strong></span> <span class='ocrx_word' id='word_1_121' title='bbox 2056 2489 2160 2555; x_wconf 89' lang='lat' dir='ltr'><strong>est,</strong></span> <span class='ocrx_word' id='word_1_122' title='bbox 2228 2486 2284 2544; x_wconf 89' lang='lat' dir='ltr'><strong>in</strong></span> <span class='ocrx_word' id='word_1_123' title='bbox 2348 2486 2583 2544; x_wconf 89' lang='lat' dir='ltr'><strong>ecclesia</strong></span> <span class='ocrx_word' id='word_1_124' title='bbox 2659 2487 2951 2545; x_wconf 88' lang='lat' dir='ltr'><strong>recitatum</strong></span> <span class='ocrx_word' id='word_1_125' title='bbox 3022 2484 3215 2544; x_wconf 84' lang='lat' dir='ltr'><strong>fuisse.</strong></span> 
     </span>
     <span class='ocr_line' id='line_1_17' title="bbox 1217 2580 3219 2655; baseline -0.001 -16"><span class='ocrx_word' id='word_1_126' title='bbox 1217 2580 1435 2639; x_wconf 89' lang='lat' dir='ltr'><strong>accedit</strong></span> <span class='ocrx_word' id='word_1_127' title='bbox 1474 2580 1622 2655; x_wconf 89' lang='lat' dir='ltr'><strong>qnod</strong></span> <span class='ocrx_word' id='word_1_128' title='bbox 1661 2582 1852 2639; x_wconf 90' lang='lat' dir='ltr'><strong>eadem</strong></span> <span class='ocrx_word' id='word_1_129' title='bbox 1891 2596 1979 2637; x_wconf 90' lang='lat' dir='ltr'><strong>res</strong></span> <span class='ocrx_word' id='word_1_130' title='bbox 2024 2580 2105 2639; x_wconf 88' lang='lat' dir='ltr'><strong>eis</strong></span> <span class='ocrx_word' id='word_1_131' title='bbox 2147 2596 2287 2654; x_wconf 89' lang='lat' dir='ltr'><strong>quae</strong></span> <span class='ocrx_word' id='word_1_132' title='bbox 2331 2583 2422 2650; x_wconf 83' lang='lat'><strong>15,</strong></span> <span class='ocrx_word' id='word_1_133' title='bbox 2464 2582 2536 2639; x_wconf 88' lang='grc'><strong>21</strong></span> <span class='ocrx_word' id='word_1_134' title='bbox 2580 2580 2728 2639; x_wconf 88' lang='lat' dir='ltr'><strong>dicta</strong></span> <span class='ocrx_word' id='word_1_135' title='bbox 2768 2581 2923 2639; x_wconf 82' lang='lat' dir='ltr'><strong>sunt:</strong></span> <span class='ocrx_word' id='word_1_136' title='bbox 2983 2596 3111 2655; x_wconf 89' lang='lat' dir='ltr'><strong>ergo</strong></span> <span class='ocrx_word' id='word_1_137' title='bbox 3152 2583 3219 2637; x_wconf 89' lang='lat' dir='ltr'><strong>ut</strong></span> 
     </span>
     <span class='ocr_line' id='line_1_18' title="bbox 1217 2673 3215 2748; baseline -0.002 -15"><span class='ocrx_word' id='word_1_138' title='bbox 1217 2675 1287 2733; x_wconf 88' lang='lat' dir='ltr'><strong>ad</strong></span> <span class='ocrx_word' id='word_1_139' title='bbox 1327 2675 1556 2733; x_wconf 79' lang='lat' dir='ltr'><strong>exordia</strong></span> <span class='ocrx_word' id='word_1_140' title='bbox 1595 2674 1944 2734; x_wconf 87' lang='lat' dir='ltr'><strong>sermonis</strong></span> <span class='ocrx_word' id='word_1_141' title='bbox 1992 2674 2161 2732; x_wconf 87' lang='lat' dir='ltr'><strong>huius</strong></span> <span class='ocrx_word' id='word_1_142' title='bbox 2209 2676 2472 2733; x_wconf 86' lang='lat' dir='ltr'><strong>reuertar’</strong></span> <span class='ocrx_word' id='word_1_143' title='bbox 2517 2673 2926 2733; x_wconf 87' lang='lat' dir='ltr'><strong>confirmantur.</strong></span> <span class='ocrx_word' id='word_1_144' title='bbox 2982 2673 3215 2748; x_wconf 90' lang='lat' dir='ltr'><strong>denique</strong></span> 
     </span>
     <span class='ocr_line' id='line_1_19' title="bbox 1216 2764 3219 2843; baseline -0.003 -16"><span class='ocrx_word' id='word_1_145' title='bbox 1216 2770 1401 2827; x_wconf 85' lang='lat' dir='ltr'><strong>nolim·</strong></span> <span class='ocrx_word' id='word_1_146' title='bbox 1445 2770 1668 2828; x_wconf 86' lang='lat' dir='ltr'><strong>silentio</strong></span> <span class='ocrx_word' id='word_1_147' title='bbox 1723 2764 1958 2828; x_wconf 86' lang='lat' dir='ltr'><strong>transire</strong></span> <span class='ocrx_word' id='word_1_148' title='bbox 2015 2769 2298 2827; x_wconf 88' lang='lat' dir='ltr'><strong>exordium</strong></span> <span class='ocrx_word' id='word_1_149' title='bbox 2353 2772 2412 2827; x_wconf 89' lang='lat' dir='ltr'><strong>et</strong></span> <span class='ocrx_word' id='word_1_150' title='bbox 2464 2772 2674 2843; x_wconf 86' lang='lat' dir='ltr'><strong>partem</strong></span> <span class='ocrx_word' id='word_1_151' title='bbox 2733 2768 2990 2826; x_wconf 83' lang='lat' dir='ltr'><strong>ultimam</strong></span> <span class='ocrx_word' id='word_1_152' title='bbox 3052 2768 3219 2826; x_wconf 86' lang='lat' dir='ltr'><strong>huius</strong></span> 
     </span>
     <span class='ocr_line' id='line_1_20' title="bbox 1218 2860 3220 2939; baseline -0.001 -17"><span class='ocrx_word' id='word_1_153' title='bbox 1218 2863 1399 2938; x_wconf 86' lang='lat' dir='ltr'><strong>operis</strong></span> <span class='ocrx_word' id='word_1_154' title='bbox 1442 2880 1503 2920; x_wconf 90' lang='lat' dir='ltr'><strong>ex</strong></span> <span class='ocrx_word' id='word_1_155' title='bbox 1545 2863 1789 2922; x_wconf 88' lang='lat' dir='ltr'><strong>oratione</strong></span> <span class='ocrx_word' id='word_1_156' title='bbox 1829 2864 1886 2922; x_wconf 92' lang='lat' dir='ltr'><strong>in</strong></span> <span class='ocrx_word' id='word_1_157' title='bbox 1928 2880 2216 2939; x_wconf 79' lang='lat' dir='ltr'><strong>synagoga</strong></span> <span class='ocrx_word' id='word_1_158' title='bbox 2255 2863 2445 2921; x_wconf 86' lang='lat' dir='ltr'><strong>habita</strong></span> <span class='ocrx_word' id='word_1_159' title='bbox 2485 2863 2779 2937; x_wconf 87' lang='lat' dir='ltr'><strong>desumpta</strong></span> <span class='ocrx_word' id='word_1_160' title='bbox 2818 2878 2960 2931; x_wconf 87' lang='lat' dir='ltr'><strong>esse,</strong></span> <span class='ocrx_word' id='word_1_161' title='bbox 3003 2880 3111 2936; x_wconf 88' lang='lat' dir='ltr'><strong>qua</strong></span> <span class='ocrx_word' id='word_1_162' title='bbox 3152 2860 3220 2918; x_wconf 91' lang='lat' dir='ltr'><strong>de</strong></span> 
     </span>
     <span class='ocr_line' id='line_1_21' title="bbox 1216 2954 3220 3032; baseline -0.001 -18"><span class='ocrx_word' id='word_1_163' title='bbox 1216 2974 1274 3014; x_wconf 88' lang='lat' dir='ltr'><strong>re</strong></span> <span class='ocrx_word' id='word_1_164' title='bbox 1316 2973 1441 3014; x_wconf 89' lang='lat' dir='ltr'><strong>mox</strong></span> <span class='ocrx_word' id='word_1_165' title='bbox 1481 2958 1796 3015; x_wconf 85' lang='lat' dir='ltr'><strong>accuratius</strong></span> <span class='ocrx_word' id='word_1_166' title='bbox 1838 2957 2113 3032; x_wconf 83' lang='lat' dir='ltr'><strong>agendum</strong></span> <span class='ocrx_word' id='word_1_167' title='bbox 2165 2957 2286 3016; x_wconf 89' lang='lat' dir='ltr'><strong>erit.</strong></span> <span class='ocrx_word' id='word_1_168' title='bbox 2343 2960 2539 3032; x_wconf 90' lang='lat' dir='ltr'><strong>postea</strong></span> <span class='ocrx_word' id='word_1_169' title='bbox 2585 2974 2648 3015; x_wconf 84' lang='lat' dir='ltr'><strong>ex</strong></span> <span class='ocrx_word' id='word_1_170' title='bbox 2702 2955 3051 3016; x_wconf 87' lang='lat' dir='ltr'><strong>sermonibus</strong></span> <span class='ocrx_word' id='word_1_171' title='bbox 3106 2954 3220 3012; x_wconf 90' lang='lat' dir='ltr'><strong>illis</strong></span> 
     </span>
     <span class='ocr_line' id='line_1_22' title="bbox 1217 3049 3219 3125; baseline -0.002 -18"><span class='ocrx_word' id='word_1_172' title='bbox 1217 3049 1285 3108; x_wconf 91' lang='lat' dir='ltr'><strong>de</strong></span> <span class='ocrx_word' id='word_1_173' title='bbox 1325 3050 1490 3109; x_wconf 89' lang='lat' dir='ltr'><strong>Iacob</strong></span> <span class='ocrx_word' id='word_1_174' title='bbox 1540 3051 1747 3110; x_wconf 88' lang='lat' dir='ltr'><strong>habitis</strong></span> <span class='ocrx_word' id='word_1_175' title='bbox 1795 3051 1904 3110; x_wconf 93' lang='lat' dir='ltr'><strong>duo</strong></span> <span class='ocrx_word' id='word_1_176' title='bbox 1953 3050 2082 3108; x_wconf 86' lang='lat' dir='ltr'><strong>libri</strong></span> <span class='ocrx_word' id='word_1_177' title='bbox 2131 3050 2352 3110; x_wconf 89' lang='lat' dir='ltr'><strong>conflati</strong></span> <span class='ocrx_word' id='word_1_178' title='bbox 2401 3055 2532 3110; x_wconf 86' lang='lat' dir='ltr'><strong>sunt</strong></span> <span class='ocrx_word' id='word_1_179' title='bbox 2578 3055 2745 3125; x_wconf 90' lang='lat' dir='ltr'><strong>atque</strong></span> <span class='ocrx_word' id='word_1_180' title='bbox 2792 3050 3023 3108; x_wconf 82' lang='lat' dir='ltr'><strong>alterius</strong></span> <span class='ocrx_word' id='word_1_181' title='bbox 3072 3063 3219 3105; x_wconf 88' lang='lat' dir='ltr'><strong>exor-</strong></span> 
     </span>
     <span class='ocr_line' id='line_1_23' title="bbox 1215 3142 3218 3221; baseline -0.002 -20"><span class='ocrx_word' id='word_1_182' title='bbox 1215 3143 1372 3202; x_wconf 88' lang='lat' dir='ltr'><strong>dium</strong></span> <span class='ocrx_word' id='word_1_183' title='bbox 1412 3144 1519 3203; x_wconf 91' lang='lat' dir='ltr'><strong>hoc</strong></span> <span class='ocrx_word' id='word_1_184' title='bbox 1558 3144 1723 3203; x_wconf 91' lang='lat' dir='ltr'><strong>modo</strong></span> <span class='ocrx_word' id='word_1_185' title='bbox 1772 3144 2168 3204; x_wconf 87' lang='lat' dir='ltr'><strong>constitutum:</strong></span> <span class='ocrx_word' id='word_1_186' title='bbox 2225 3146 2524 3221; x_wconf 88' lang='lat' dir='ltr'><strong>‘superiore</strong></span> <span class='ocrx_word' id='word_1_187' title='bbox 2578 3145 2764 3203; x_wconf 92' lang='lat' dir='ltr'><strong>libro</strong></span> <span class='ocrx_word' id='word_1_188' title='bbox 2821 3143 2889 3200; x_wconf 92' lang='lat' dir='ltr'><strong>de</strong></span> <span class='ocrx_word' id='word_1_189' title='bbox 2945 3142 3218 3203; x_wconf 85' lang='lat' dir='ltr'><strong>uirtutum</strong></span> 
     </span>
     <span class='ocr_line' id='line_1_24' title="bbox 1213 3236 3222 3314; baseline -0.002 -18"><span class='ocrx_word' id='word_1_190' title='bbox 1213 3239 1525 3313; x_wconf 85' lang='lat' dir='ltr'><strong>praeceptis</strong></span> <span class='ocrx_word' id='word_1_191' title='bbox 1581 3239 2011 3314; x_wconf 86' lang='lat' dir='ltr'><strong>disputauimus,</strong></span> <span class='ocrx_word' id='word_1_192' title='bbox 2069 3239 2322 3313; x_wconf 82' lang='lat' dir='ltr'><strong>sequenti</strong></span> <span class='ocrx_word' id='word_1_193' title='bbox 2378 3239 2649 3296; x_wconf 88' lang='lat' dir='ltr'><strong>clarorum</strong></span> <span class='ocrx_word' id='word_1_194' title='bbox 2704 3237 2952 3294; x_wconf 90' lang='lat' dir='ltr'><strong>uirorum</strong></span> <span class='ocrx_word' id='word_1_195' title='bbox 2998 3236 3222 3292; x_wconf 87' lang='lat' dir='ltr'><strong>utamur</strong></span> 
     </span>
     <span class='ocr_line' id='line_1_25' title="bbox 1216 3327 3218 3408; baseline -0.001 -18"><span class='ocrx_word' id='word_1_196' title='bbox 1216 3332 1519 3407; x_wconf 85' lang='lat' dir='ltr'><strong>exemplis’,</strong></span> <span class='ocrx_word' id='word_1_197' title='bbox 1578 3350 1718 3408; x_wconf 89' lang='grc'><strong>(1666</strong></span> <span class='ocrx_word' id='word_1_198' title='bbox 1771 3351 1859 3392; x_wconf 88' lang='lat' dir='ltr'><strong>res</strong></span> <span class='ocrx_word' id='word_1_199' title='bbox 1915 3334 2151 3392; x_wconf 84' lang='lat' dir='ltr'><strong>fortasse</strong></span> <span class='ocrx_word' id='word_1_200' title='bbox 2205 3333 2315 3407; x_wconf 88' lang='lat' dir='ltr'><strong>ipsi</strong></span> <span class='ocrx_word' id='word_1_201' title='bbox 2362 3327 2656 3391; x_wconf 84' lang='lat' dir='ltr'><strong>Ambrosio</strong></span> <span class='ocrx_word' id='word_1_202' title='bbox 2705 3328 3065 3386; x_wconf 85' lang='lat' dir='ltr'><strong>adscribenda</strong></span> <span class='ocrx_word' id='word_1_203' title='bbox 3113 3333 3218 3388; x_wconf 88' lang='lat' dir='ltr'><strong>est.</strong></span> 
     </span>
     <span class='ocr_line' id='line_1_26' title="bbox 1215 3423 3218 3503; baseline -0.001 -19"><span class='ocrx_word' id='word_1_204' title='bbox 1215 3428 1376 3503; x_wconf 87' lang='lat' dir='ltr'><strong>plura</strong></span> <span class='ocrx_word' id='word_1_205' title='bbox 1415 3428 1582 3487; x_wconf 88' lang='lat' dir='ltr'><strong>etiam</strong></span> <span class='ocrx_word' id='word_1_206' title='bbox 1623 3429 1679 3486; x_wconf 90' lang='lat' dir='ltr'><strong>in</strong></span> <span class='ocrx_word' id='word_1_207' title='bbox 1720 3429 1990 3503; x_wconf 91' lang='lat' dir='ltr'><strong>opusculo</strong></span> <span class='ocrx_word' id='word_1_208' title='bbox 2034 3428 2111 3485; x_wconf 88' lang='lat' dir='ltr'><strong>de</strong></span> <span class='ocrx_word' id='word_1_209' title='bbox 2151 3423 2408 3500; x_wconf 89' lang='lat' dir='ltr'><strong>Ioseph</strong></span> <span class='ocrx_word' id='word_1_210' title='bbox 2447 3423 2654 3482; x_wconf 88' lang='lat' dir='ltr'><strong>indicia</strong></span> <span class='ocrx_word' id='word_1_211' title='bbox 2698 3423 2963 3496; x_wconf 84' lang='lat' dir='ltr'><strong>pristinae</strong></span> <span class='ocrx_word' id='word_1_212' title='bbox 3010 3423 3218 3481; x_wconf 89' lang='lat' dir='ltr'><strong>formae</strong></span> 
     </span>
     <span class='ocr_line' id='line_1_27' title="bbox 1215 3517 3220 3597; baseline 0 -20"><span class='ocrx_word' id='word_1_213' title='bbox 1215 3520 1486 3591; x_wconf 78' lang='lat' dir='ltr'><strong>inuenies,</strong></span> <span class='ocrx_word' id='word_1_214' title='bbox 1529 3541 1687 3597; x_wconf 87' lang='lat' dir='ltr'><strong>quae,</strong></span> <span class='ocrx_word' id='word_1_215' title='bbox 1729 3540 1853 3581; x_wconf 91' lang='lat' dir='ltr'><strong>cum</strong></span> <span class='ocrx_word' id='word_1_216' title='bbox 1898 3521 1966 3579; x_wconf 88' lang='lat' dir='ltr'><strong>de</strong></span> <span class='ocrx_word' id='word_1_217' title='bbox 2007 3521 2090 3579; x_wconf 89' lang='lat' dir='ltr'><strong>eis</strong></span> <span class='ocrx_word' id='word_1_218' title='bbox 2121 3520 2231 3577; x_wconf 88' lang='lat' dir='ltr'><strong>iam</strong></span> <span class='ocrx_word' id='word_1_219' title='bbox 2263 3519 2317 3576; x_wconf 90' lang='lat' dir='ltr'><strong>in</strong></span> <span class='ocrx_word' id='word_1_220' title='bbox 2351 3518 2656 3576; x_wconf 88' lang='lat' dir='ltr'><strong>uoluminis</strong></span> <span class='ocrx_word' id='word_1_221' title='bbox 2687 3517 2853 3592; x_wconf 88' lang='lat' dir='ltr'><strong>primi</strong></span> <span class='ocrx_word' id='word_1_222' title='bbox 2880 3518 3220 3591; x_wconf 84' lang='lat' dir='ltr'><strong>praefatione</strong></span> 
     </span>
     <span class='ocr_line' id='line_1_28' title="bbox 1218 3612 3223 3690; baseline -0.001 -18"><span class='ocrx_word' id='word_1_223' title='bbox 1218 3615 1643 3689; x_wconf 86' lang='lat' dir='ltr'><strong>disputauerim,</strong></span> <span class='ocrx_word' id='word_1_224' title='bbox 1699 3616 1805 3677; x_wconf 91' lang='lat' dir='ltr'><strong>hoc</strong></span> <span class='ocrx_word' id='word_1_225' title='bbox 1851 3616 1975 3674; x_wconf 92' lang='grc'><strong>1666</strong></span> <span class='ocrx_word' id='word_1_226' title='bbox 2026 3631 2132 3672; x_wconf 85' lang='grc'><strong>666</strong></span> <span class='ocrx_word' id='word_1_227' title='bbox 2183 3612 2485 3687; x_wconf 85' lang='lat' dir='ltr'><strong>explicabo.</strong></span> <span class='ocrx_word' id='word_1_228' title='bbox 2542 3629 2625 3670; x_wconf 73' lang='lat' dir='ltr'><strong>er</strong></span> <span class='ocrx_word' id='word_1_229' title='bbox 2653 3612 3000 3671; x_wconf 85' lang='lat' dir='ltr'><strong>sermonibus</strong></span> <span class='ocrx_word' id='word_1_230' title='bbox 3047 3614 3223 3690; x_wconf 87' lang='lat' dir='ltr'><strong>igitur</strong></span> 
     </span>
     <span class='ocr_line' id='line_1_29' title="bbox 1219 3706 3219 3781; baseline -0.003 -14"><span class='ocrx_word' id='word_1_231' title='bbox 1219 3709 1365 3767; x_wconf 87' lang='lat' dir='ltr'><strong>inter</strong></span> <span class='ocrx_word' id='word_1_232' title='bbox 1424 3726 1484 3767; x_wconf 91' lang='lat' dir='ltr'><strong>se</strong></span> <span class='ocrx_word' id='word_1_233' title='bbox 1540 3708 1963 3767; x_wconf 85' lang='lat' dir='ltr'><strong>cohaerentibus</strong></span> <span class='ocrx_word' id='word_1_234' title='bbox 2024 3710 2081 3765; x_wconf 88' lang='lat' dir='ltr'><strong>et</strong></span> <span class='ocrx_word' id='word_1_235' title='bbox 2135 3707 2226 3764; x_wconf 91' lang='lat' dir='ltr'><strong>hic</strong></span> <span class='ocrx_word' id='word_1_236' title='bbox 2280 3706 2505 3765; x_wconf 87' lang='lat' dir='ltr'><strong>libellus</strong></span> <span class='ocrx_word' id='word_1_237' title='bbox 2562 3711 2619 3765; x_wconf 90' lang='lat' dir='ltr'><strong>et</strong></span> <span class='ocrx_word' id='word_1_238' title='bbox 2664 3708 2734 3776; x_wconf 91' lang='lat' dir='ltr'><strong>is,</strong></span> <span class='ocrx_word' id='word_1_239' title='bbox 2784 3707 2879 3781; x_wconf 89' lang='lat' dir='ltr'><strong>qui</strong></span> <span class='ocrx_word' id='word_1_240' title='bbox 2924 3707 2981 3764; x_wconf 89' lang='lat' dir='ltr'><strong>in</strong></span> <span class='ocrx_word' id='word_1_241' title='bbox 3031 3707 3219 3765; x_wconf 89' lang='lat' dir='ltr'><strong>codice</strong></span> 
     </span>
     <span class='ocr_line' id='line_1_30' title="bbox 1218 3799 3219 3877; baseline -0.002 -17"><span class='ocrx_word' id='word_1_242' title='bbox 1218 3803 1610 3877; x_wconf 88' lang='lat' dir='ltr'><strong>antiquissimo</strong></span> <span class='ocrx_word' id='word_1_243' title='bbox 1664 3801 2004 3861; x_wconf 87' lang='lat' dir='ltr'><strong>Bononiensi</strong></span> <span class='ocrx_word' id='word_1_244' title='bbox 2060 3801 2141 3860; x_wconf 88' lang='lat' dir='ltr'><strong>de</strong></span> <span class='ocrx_word' id='word_1_245' title='bbox 2196 3801 2649 3874; x_wconf 87' lang='lat' dir='ltr'><strong>patriarchis,</strong></span> <span class='ocrx_word' id='word_1_246' title='bbox 2705 3802 2761 3859; x_wconf 90' lang='lat' dir='ltr'><strong>in</strong></span> <span class='ocrx_word' id='word_1_247' title='bbox 2817 3799 3219 3859; x_wconf 87' lang='lat' dir='ltr'><strong>recentioribus</strong></span> 
     </span>
     <span class='ocr_line' id='line_1_31' title="bbox 1217 3894 3219 3972; baseline -0.001 -19"><span class='ocrx_word' id='word_1_248' title='bbox 1217 3900 1276 3953; x_wconf 94' lang='lat' dir='ltr'><strong>et</strong></span> <span class='ocrx_word' id='word_1_249' title='bbox 1298 3897 1469 3972; x_wconf 89' lang='lat' dir='ltr'><strong>uolgo</strong></span> <span class='ocrx_word' id='word_1_250' title='bbox 1503 3895 1582 3953; x_wconf 91' lang='lat' dir='ltr'><strong>de</strong></span> <span class='ocrx_word' id='word_1_251' title='bbox 1614 3894 2251 3953; x_wconf 88' lang='lat' dir='ltr'><strong>benedictionibus</strong></span> <span class='ocrx_word' id='word_1_252' title='bbox 2282 3896 2851 3970; x_wconf 86' lang='lat' dir='ltr'><strong>patriarcharum</strong></span> <span class='ocrx_word' id='word_1_253' title='bbox 2880 3894 3219 3962; x_wconf 84' lang='lat' dir='ltr'><strong>inscribitur,</strong></span> 
     </span>
     <span class='ocr_line' id='line_1_32' title="bbox 1219 3988 3217 4067; baseline -0.002 -19"><span class='ocrx_word' id='word_1_254' title='bbox 1219 3990 1564 4064; x_wconf 88' lang='lat' dir='ltr'><strong>compositus</strong></span> <span class='ocrx_word' id='word_1_255' title='bbox 1605 3992 1710 4058; x_wconf 89' lang='lat' dir='ltr'><strong>est,</strong></span> <span class='ocrx_word' id='word_1_256' title='bbox 1753 4006 1893 4062; x_wconf 90' lang='lat' dir='ltr'><strong>quae</strong></span> <span class='ocrx_word' id='word_1_257' title='bbox 1932 4007 2020 4048; x_wconf 88' lang='lat' dir='ltr'><strong>res</strong></span> <span class='ocrx_word' id='word_1_258' title='bbox 2063 3993 2130 4048; x_wconf 89' lang='lat' dir='ltr'><strong>ut</strong></span> <span class='ocrx_word' id='word_1_259' title='bbox 2166 3991 2423 4050; x_wconf 87' lang='lat' dir='ltr'><strong>licentiae</strong></span> <span class='ocrx_word' id='word_1_260' title='bbox 2460 3991 2541 4049; x_wconf 91' lang='lat' dir='ltr'><strong>ita</strong></span> <span class='ocrx_word' id='word_1_261' title='bbox 2581 3990 2928 4067; x_wconf 85' lang='lat' dir='ltr'><strong>stupiditatis</strong></span> <span class='ocrx_word' id='word_1_262' title='bbox 2974 3988 3217 4046; x_wconf 88' lang='lat' dir='ltr'><strong>librario·</strong></span> 
     </span>
    </p>
   </div>
  </div>
 </body>
</html>
