4242 4694
1262 522 1501 586 Apologia
1523 521 1683 572 Dauid
1707 523 1860 572 altera
1884 522 1961 583 10,
1985 523 2172 574 51—58
2204 522 2358 586 (1726
2373 521 2572 574 B-‘zs‘l
2588 521 2662 586 A).
2857 524 2973 586 395

977 696 1179 770 spiritu
1213 697 1431 766 sancto;
1472 696 1633 753 Iesus
1675 696 1822 754 enim
1863 696 2060 770 plenus
2100 696 2302 770 spiritu
2343 697 2534 754 saneto
2565 711 2855 771 regressus
2888 697 2976 753 est

977 808 1010 849 a
1057 790 1305 849 Iordane.
1355 789 1546 849 eadem
1593 788 1760 849 etiam
1809 793 2012 865 puteus
2062 790 2374 859 iuramenti,
2415 790 2525 849 hoe
2564 793 2651 849 est
2687 790 2973 866 religionis

977 888 1034 943 et
1081 884 1225 942 fidei.
1278 887 1337 942 et
1381 884 1523 943 bene
1570 888 1794 960 puteus,
1846 885 1976 960 quia
2021 885 2251 944 fiumina
2299 885 2366 943 de
2405 887 2599 944 uentre
2641 884 2762 944 eius
2800 885 2977 944 fluent

977 995 1152 1052 aquae
1192 978 1376 1037 uiuae.
1419 979 1561 1038 hanc
1602 996 1735 1055 ergo
1776 979 2072 1038 adsumens
2113 980 2223 1038 sibi
2260 979 2403 1039 deus
2442 980 2679 1038 uerbum
2718 980 2974 1054 copulam

914 1095 940 1130 s
975 1072 1109 1130 fecit
1163 1089 1288 1131 esse
1341 1073 1671 1150 legitimam,
1732 1073 1886 1148 quod¹
1935 1073 2266 1148 mysterium
2322 1073 2492 1131 etiam
2551 1073 2685 1132 illae
2748 1073 2975 1148 nuptiae

977 1166 1341 1236 declararunt,
1384 1183 1521 1241 quae
1563 1170 1696 1226 sunt
1731 1167 1789 1225 in
1831 1166 2077 1227 Canticis
2118 1167 2476 1236 canticorum,
2515 1167 2717 1242 quibus
2751 1166 2974 1226 Christo

977 1261 1214 1319 eeclesia
1277 1263 1335 1320 et
1392 1261 1614 1336 spiritui
1679 1278 1803 1320 earo
1864 1263 2044 1320 nubit.
2101 1265 2158 1320 et
2209 1262 2334 1321 ideo
2392 1261 2864 1320 circumcursabat
2920 1265 2977 1321 et

978 1355 1279 1427 quaerebat
1316 1356 1521 1429 ubique
1564 1355 1655 1413 dei
1692 1355 1944 1424 uerbum,
1986 1355 2118 1429 quia
2148 1357 2454 1426 uulnerata,
2487 1355 2619 1430 quia
2647 1355 2812 1426 nuda,
2846 1356 2978 1430 quia
3019 1364 3060 1414 Ε

978 1448 1230 1507 adultera
1282 1449 1340 1508 in
1399 1450 1674 1520 omnibus,
1732 1450 1840 1509 etsi
1894 1450 2232 1509 inmaculata
2284 1450 2341 1508 in
2399 1448 2621 1509 Christo
2677 1450 2977 1526 quaerebat

866 1542 958 1601 220
981 1559 1108 1601 earo
1147 1543 1353 1602 misera
1388 1543 1812 1617 redemptorem.
1855 1543 1994 1601 hane
2035 1543 2143 1601 sibi
2184 1542 2440 1602 Christus
2478 1543 2674 1612 iunxit,
2707 1546 2774 1600 ut
2802 1539 2976 1601 iuma-

978 1638 1222 1696 eulatam
1277 1638 1546 1708 redderet,
1603 1638 1743 1695 hane
1792 1637 2048 1707 sociauit,
2095 1639 2163 1696 ut
2211 1638 2451 1695 auferret
2515 1638 2868 1699 adulterium.
2919 1641 2978 1696 et

980 1731 1113 1806 quia
1152 1732 1256 1790 sub
1295 1732 1422 1806 lege
1464 1734 1599 1803 erat,
1639 1731 1984 1790 moriendum
2022 1732 2151 1801 fuit,
2191 1734 2260 1790 ut
2295 1732 2624 1790 liberaretur
2663 1749 2696 1790 a
2732 1734 2876 1808 lege,
2910 1734 2978 1790 ut

979 1844 1076 1901 per
1113 1818 1281 1902 illam⁴
1310 1829 1548 1884 mortem
1588 1827 1750 1885 uelut
1781 1825 2059 1900 quoddam
2088 1826 2232 1902 legis
2266 1829 2323 1884 et
2353 1826 2532 1885 earnis
2562 1826 2977 1886 matrimonium

981 1921 1312 1980 solueretur.
1359 1923 1582 1979 mortua
1626 1923 1716 1979 est
1759 1917 1937 1995 igitur
1981 1919 2038 1977 in
2089 1918 2308 1978 Christo
2357 1936 2502 1989 earo,
2541 1922 2608 1979 ut
2645 1937 2746 1980 uos
2785 1920 2977 1978 morti-

905 2033 951 2069 15
980 2002 1132 2072 ficati
1177 2012 1293 2088 legi
1339 2030 1440 2088 per
1488 2029 1688 2086 corpus
1738 2013 1964 2084 Christi,
2006 2013 2157 2071 sicut
2195 2014 2482 2088 apostolus
2524 2013 2679 2085 dixit,
2721 2029 2974 2071 essemus
3020 2022 3060 2072 Ε·

984 2107 1232 2176 alterius,
1281 2107 1378 2181 qui
1426 2124 1491 2165 ex
1538 2107 1776 2165 mortuis
1823 2108 2136 2177 resurrexit,
2186 2109 2245 2165 et
2289 2108 2578 2181 passiones
2618 2107 2976 2181 cupiditates—

987 2215 1094 2273 que
1142 2201 1318 2259 earnis
1359 2203 1417 2260 et
1455 2200 1824 2277 cogitationes
1863 2204 2239 2277 peecatorum,
2281 2218 2422 2275 quae
2462 2218 2561 2276 per
2597 2201 2779 2277 legem
2822 2204 2977 2260 erant

985 2292 1055 2351 iu·
1105 2295 1365 2353 membris
1428 2296 1653 2364 uostris,
1716 2295 1775 2354 iu
1834 2295 1936 2353 illa
1984 2299 2163 2355 morte
2218 2298 2578 2365 morerentur,
2633 2311 2735 2354 nos
2788 2298 2976 2354 autem

981 2387 1154 2446 soluti
1203 2406 1244 2447 a
1293 2389 1422 2466 lege
1475 2390 1672 2449 mortis
1721 2390 1881 2462 quasi
1927 2389 2076 2449 noua
2121 2389 2332 2450 Christi
2380 2389 2581 2464 copula
2623 2388 2682 2447 iu
2726 2388 2975 2448 nouitate

900 2501 947 2538 no
979 2482 1213 2555 spiritus
1257 2500 1689 2558 resurgeremus.

866 2574 898 2632 3
1056 2576 1130 2633 Et
1192 2578 1377 2635 tamen
1440 2577 1536 2651 qui
1588 2577 1770 2653 legem
1826 2578 1883 2635 in
1933 2576 2141 2636 Christi
2192 2594 2350 2636 earne
2406 2578 2696 2636 soluerunt
2742 2593 2975 2651 eamque

976 2671 1317 2743 putauerunt
1354 2687 1477 2728 esse
1517 2670 1830 2730 uiolandam
1876 2689 2065 2730 omnes
2104 2673 2266 2731 iussu
2305 2671 2489 2730 Dauid
2535 2688 2570 2729 a
2614 2671 2975 2731 bellatoribus

976 2763 1297 2837 interempti
1337 2767 1485 2822 sunt.
1528 2782 1636 2838 quo
1678 2765 1881 2823 indicio
1924 2765 2235 2824 ostenditur
2272 2765 2348 2836 id,
2389 2766 2539 2840 quod
2575 2765 2632 2824 in
2670 2766 2979 2840 posteriora

978 2858 1287 2915 docuerunt
1341 2875 1463 2917 esse
1520 2859 1821 2932 signatum,
1872 2860 2022 2933 quod
2076 2876 2266 2918 eorum
2330 2860 2425 2933 qui
2473 2859 2755 2919 Christum
2807 2860 2975 2918 inter-

896 2971 946 3009 ιο
976 2950 1232 3009 fecerunt
1277 2952 1466 3010 nullus
1521 2952 1781 3022 suaserit,
1829 2952 1996 3027 idque
2054 2954 2469 3012 euidentissime
2524 2954 2819 3023 reueletur,
2876 2970 2970 3013 eos
2988 2962 3078 3011 727
3101 2962 3140 3012 A

979 3060 1119 3117 quos
1161 3048 1286 3103 ante
1324 3049 1560 3104 mortem
1600 3045 1985 3119 adsumpserat
2017 3047 2271 3106 Christus
2313 3048 2462 3106 sicut
2499 3049 2732 3107 Iudaeos
2761 3048 2973 3123 perisse

977 3139 1242 3211 paruulos
1285 3143 1343 3197 et
1378 3139 1659 3211 informeS‚
1702 3157 1796 3198 eos
1839 3157 1967 3198 uero
2010 3157 2149 3214 quos
2189 3144 2319 3215 post
2357 3145 2591 3200 mortem
2633 3143 2872 3201 adsciuit
2916 3143 2974 3201 in

979 3249 1273 3290 numerum
1304 3233 1547 3293 filiorum
1578 3250 1746 3309 reguo
1781 3251 1904 3292 esse
1940 3238 2209 3293 seruatos,
2250 3235 2395 3293 unde
2436 3236 2588 3294 iuxta
2623 3236 2729 3294 hoe
2769 3241 2973 3312 myste-

1137 3402 1159 3450 1
1195 3402 1307 3451 Luc.
1339 3404 1387 3463 4,
1420 3403 1445 3451 1
1544 3404 1573 3453 s
1604 3403 1707 3452 Ioh.
1743 3406 1786 3462 7,
1819 3403 1880 3453 ss
1978 3403 2037 3453 14
2068 3405 2202 3455 Rom.
2236 3406 2438 3466 7,,4-(5

997 3509 1065 3560 ,1
1099 3497 1399 3573 {Busa-pr.
1427 3511 1709 3575 TNgratia
1740 3500 1826 3577 effi
1854 3502 2004 3562 §HD
2036 3501 2332 3578 ἦῖἒῖἷοει.
2397 3514 2597 3562 5etiam
2628 3513 2734 3572 TN,
2765 3529 2858 3565 om.
2890 3521 2973 3564 eet.

976 3587 1007 3637 6
1040 3587 1338 3638 declararunt
1368 3589 1468 3638 TN
1494 3591 1801 3653 designarunt
1831 3597 1916 3641 eet.
2014 3594 2040 3641 7
2073 3593 2223 3641 nubet
2245 3592 2287 3640 X
2322 3593 2404 3650 (T‘
2437 3608 2553 3642 corr.
2582 3597 2658 3642 ml
2685 3589 2845 3653 nubit)
2870 3593 2981 3642 PM

975 3667 1008 3715 8
1041 3665 1118 3714 dei
1143 3669 1338 3715 uerbum
1365 3668 1542 3732 ubique
1567 3669 1692 3718 B‘P'
1784 3672 1813 3718 9
1838 3669 2111 3728 adulterata
2139 3670 2183 3719 T
2235 3683 2238 3687 ·
2279 3658 2446 3734 lO’x—p-s‘
2463 3671 2558 3719 sibi
2581 3671 2706 3721 B‘P‘
2802 3673 2855 3721 11
2883 3672 2975 3721 sibi

975 3746 1182 3793 sociauit
1210 3745 1324 3794 DP'
1453 3748 1510 3796 17
1544 3748 1838 3809 cognitiones
1874 3748 2033 3798 TNM
2046 3749 2349 3811 ¹cognitionis
2378 3749 2431 3798 D
2550 3752 2612 3799 22
2645 3764 2901 3813 omnesque
2932 3751 2976 3800 X

976 3827 1090 3886 (que
1122 3838 1245 3873 eras.
1278 3824 1334 3872 in
1369 3825 1442 3885 T‘)
1548 3827 1608 3875 23
1640 3825 1818 3875 iudicio
1849 3827 1963 3876 ΒΜ
2087 3828 2135 3874 in
2176 3827 2282 3885 TN,
2317 3843 2405 3876 orn.
2439 3833 2526 3876 eet.
2632 3830 2693 3880 24
2724 3829 2975 3878 interfece-

974 3902 1074 3949 rint
1102 3901 1199 3950 TN
1293 3904 1353 3951 25
1386 3903 1591 3966 ideoque
1623 3904 1683 3953 N
1767 3906 1828 3954 26
1856 3893 1950 3968 sp]
1983 3904 2082 3953 TN
2106 3894 2190 3953 Ἦ
2214 3911 2300 3954 cet.
2393 3906 2454 3954 28
2485 3921 2729 3955 numerum
2763 3908 2861 3957 TN
2886 3922 2975 3956 uu-

974 3993 1104 4028 mero
1137 3986 1220 4030 cet.
