4242 4694
1120 501 1228 558 198
1941 497 2287 546 Ambrosii

1119 671 1492 747 euangelium.
1544 673 1602 729 et
1644 671 1882 729 fortasse
1932 668 2058 729 ideo
2107 669 2333 744 Moyses
2380 668 2605 728 iubetur
2650 668 2871 727 soluere
2925 670 3131 729 calcia·
3199 673 3224 723 4

1115 769 1368 825 mentum
1413 764 1620 841 pedum
1669 782 1918 832 suorum,
1959 767 2026 823 nt
2065 770 2314 822 sumeret
2353 762 2776 823 calciamentum
2819 765 3127 841 euangelii,

1116 861 1212 918 uel
1267 859 1413 935 qui&
1450 875 1560 920 non·
1613 859 1818 934 Moysi,
1875 859 1936 916 id
1991 861 2081 917 est
2134 876 2240 917 uon
2307 857 2614 933 prophetis,
2682 858 2780 917 sed
2847 860 3126 932 apostolis

1116 953 1455 1030 praedicatio
1506 953 1784 1030 euangelii
1825 953 2143 1012 debebatur.
2188 969 2254 1011 ea
2292 954 2398 1022 est,
2438 969 2607 1027 quam
2649 969 2818 1027 supra
2859 953 3122 1022 diximus,

1119 1049 1269 1108 dicta
1314 1049 1369 1106 in
1421 1051 1736 1123 serpentem
1776 1048 2078 1108 sententia:
2118 1048 2174 1105 in
2214 1047 2496 1105 hominem
2537 1063 2758 1121 quoque
2799 1047 3122 1109 cuiusmodi
3164 1076 3187 1112 ε

1027 1142 1103 1198 44
1121 1143 1329 1202 directa
1376 1143 1452 1202 sit
1498 1142 1930 1201 consideremus.
1979 1142 2313 1200 maledictus
2365 1143 2454 1200 est
2501 1141 2599 1200 ille
2650 1141 2748 1216 qui
2797 1146 3007 1201 auctor
3036 1146 3112 1202 est

1121 1239 1336 1313 culpae,
1377 1237 1477 1296 sed
1516 1255 1623 1297 non
1663 1239 1752 1295 est
1781 1236 2113 1296 maledictus
2144 1236 2255 1295 iste
2287 1238 2386 1311 qui
2415 1236 2595 1296 aliena
2623 1234 2815 1294 fraude
2850 1235 3109 1313 deceptu

1122 1335 1242 1400 est3
1283 1335 1469 1391 tamen
1511 1331 1643 1406 quia
1679 1349 1786 1391 non
1831 1331 2080 1390 seruauit
2119 1330 2444 1390 mandatum
2481 1330 2592 1400 dei,
2626 1346 2854 1405 operum
2889 1347 3116 1390 suorum
3184 1329 3219 1380 B

1121 1427 1309 1484 labore
1358 1426 1650 1485 damnatur
1696 1460 1774 1468 —
1822 1426 2176 1484 maledicitur
2224 1441 2353 1484 sane
2400 1429 2563 1495 terra,
2612 1423 2710 1483 sed
2756 1424 2813 1482 in
2856 1426 3121 1499 operibus

1123 1520 1433 1596 peccatoris
1472 1554 1548 1563 —
1589 1524 1646 1578 et
1685 1520 2056 1589 maledicitur,
2098 1519 2271 1579 donec
2303 1521 2622 1578 resoluatur
2650 1519 2709 1577 in
2741 1522 2968 1579 terram.
3004 1521 3127 1582 ideo
3151 1545 3190 1583 a

1124 1633 1256 1691 ergo
1297 1615 1555 1689 suscepit
1587 1615 1749 1673 Iesus
1791 1633 2027 1686 carnem,
2068 1618 2135 1672 ut
2172 1614 2533 1672 maledictum
2572 1614 2754 1672 carnis
2792 1616 3130 1689 peccatricis

1125 1710 1387 1777 aboleret,
1447 1711 1505 1767 et
1559 1710 1740 1767 factus
1790 1713 1877 1767 est
1921 1726 2019 1782 pro
2068 1708 2229 1766 nobis
2277 1708 2656 1777 maledictum,
2704 1709 2772 1765 ut
2806 1708 3132 1769 benedictio

1127 1804 1446 1862 absorberet
1505 1803 1971 1873 maledictionem,
2035 1802 2326 1878 integritas
2398 1806 2709 1875 peccatum,
2778 1801 3151 1878 indulgentia.

1127 1898 1479 1967 sententiam,
1520 1898 1640 1956 uita
1679 1901 1932 1956 mortem.
1975 1896 2223 1970 suscepit
2265 1896 2413 1954 enim
2455 1899 2512 1954 et
2550 1899 2801 1965 mortem,
2831 1898 2900 1953 ut
2928 1895 3136 1971 imme·

1126 1997 1280 2049 retur
1318 1992 1613 2063 sententia,
1655 1990 1953 2049 satisfieret
1990 1991 2271 2049 iudicato:
2313 1989 2674 2047 maledictum
2713 1988 2889 2047 carnis
2928 2006 3136 2063 pecca-
3169 2015 3204 2055 n

1127 2085 1283 2143 tricis
1317 2102 1497 2158 usque
1531 2085 1600 2143 ad
1632 2088 1887 2144 mortem.
1912 2085 2053 2143 nihil
2077 2102 2206 2161 ergo
2232 2085 2442 2142 factum
2469 2086 2558 2142 est
2580 2087 2772 2143 contra
2791 2085 3135 2144 sententiam

1130 2179 1236 2248 dei,
1277 2195 1408 2237 cum
1448 2179 1525 2238 sit
1564 2180 1783 2237 diuinae
1823 2179 2072 2239 condicio
2112 2180 2346 2253 impleta
2386 2178 2725 2246 sententiam
2765 2177 3130 2237 maledictum

1131 2273 1279 2331 enim
1331 2291 1509 2348 usque
1567 2274 1636 2332 ad
1691 2277 1943 2343 mortem,
1998 2277 2129 2347 post
2183 2277 2419 2332 mortem
2475 2273 2668 2349 gratia.
2724 2272 2934 2331 mortui
2993 2288 3120 2347 ergo

1133 2367 1356 2426 saeculo
1408 2385 1637 2426 sumus:
1693 2368 1826 2442 quid
1879 2367 2060 2426 adhuc
2110 2368 2179 2426 de
2220 2369 2441 2426 saeculo
2485 2365 2880 2426 decernimus?
2923 2365 3123 2425 mortui

1135 2477 1331 2519 sumus
1358 2479 1485 2520 cum
1512 2461 1768 2521 Christo:
1794 2462 1928 2535 quid
1961 2462 2142 2520 adhuc
2176 2462 2326 2520 uitae
2359 2462 2527 2520 huius
2561 2464 2721 2519 actus
2754 2460 3127 2534 requirimus?
3158 2486 3207 2524 ω

1133 2559 1372 2616 mortem
1425 2555 1633 2615 Christi
1684 2557 1741 2615 in
1795 2572 2022 2631 corpore
2073 2561 2262 2617 nostro
2304 2555 2767 2623 circumferimus,
2807 2558 2875 2612 ut
2915 2558 2973 2612 et
3009 2554 3130 2613 uita

1137 2649 1345 2708 Christi
1393 2651 1449 2708 in
1503 2651 1663 2709 nobis
1715 2651 2122 2709 manifestetur.
2175 2667 2283 2708 non
2338 2667 2465 2724 ergo
2517 2650 2628 2707 iam
2680 2652 2924 2707 nostram
2972 2649 3131 2707 illam

1135 2744 1330 2812 uitam,
1390 2744 1486 2802 sed
1540 2744 1749 2804 Christi
1794 2745 1970 2804 uitam
2022 2745 2287 2812 uiuimus,
2330 2744 2506 2801 uitam
2545 2743 2910 2811 innocentiae,
2952 2742 3132 2801 uitam

1138 2837 1513 2907 castimoniae,
1572 2839 1751 2897 uitam
1807 2839 2182 2914 simplicitatis
2241 2837 2596 2911 omniumque
2651 2837 2942 2895 uirtutum.
2998 2853 3132 2896 cum

1296 3093 1327 3155 1,
1356 3092 1500 3142 Exod.
1533 3093 1580 3149 8,
1613 3095 1641 3141 5
1767 3094 1796 3141 2
1828 3092 1999 3145 matth.
2036 3094 2110 3149 10.
2144 3093 2205 3142 10
2235 3094 2349 3143 Luc.
2387 3094 2458 3151 10,
2492 3094 2523 3141 4
2638 3094 2669 3142 8
2702 3092 2819 3141 Gen.
2853 3093 2899 3148 3,
2935 3093 2993 3141 17
3028 3107 3130 3156 sqq.

1144 3172 1201 3220 12
1234 3170 1389 3221 Galat.
1419 3171 1467 3228 3,
1504 3168 1561 3221 18
1659 3173 1717 3221 15
1751 3170 1865 3219 Gen.
1902 3172 1945 3228 3,
1982 3171 2039 3219 17
2073 3186 2175 3234 sqq.
2272 3174 2329 3221 21
2366 3172 2416 3221 11
2449 3171 2552 3221 Cor.
2588 3174 2632 3227 4,
2670 3172 2727 3220 10

1206 3329 1228 3376 1
1263 3327 1416 3389 moysi
1446 3328 1495 3375 A
1526 3326 1561 3390 (i
1591 3329 1676 3374 πω
1704 3341 1762 3375 αι·
1793 3329 1862 3386 es)
1973 3329 2003 3377 2
2036 3330 2087 3376 et
2118 3328 2356 3389 euangelii
2386 3328 2434 3375 A
2466 3328 2535 3389 (et
2567 3326 2658 3375 del.
2692 3327 2794 3388 ΜΒ)
2824 3326 2875 3374 P
2905 3329 2977 3386 (et
3007 3329 3132 3390 exp.)

1142 3407 1170 3455 5
1203 3406 1465 3454 cuiusmodi
1495 3407 1543 3454 A
1574 3406 1609 3471 (i
1631 3420 1712 3467 pr.
1744 3421 1782 3454 s.
1815 3408 1884 3466 u.)
2042 3407 2069 3454 7
2101 3404 2380 3453 maledictus
2414 3409 2487 3451 est
2518 3404 2645 3454 21OE
2787 3406 2815 3454 9
2849 3404 3137 3469 dampnatur

1140 3483 1454 3536 APcw‘ET
1633 3486 1685 3533 11
1721 3484 1930 3546 suscepit
1960 3484 2111 3546 Iesus]
2144 3484 2354 3546 suscepit
2385 3483 2501 3531 deus
2533 3483 2645 3533 21¹1?
2672 3482 2788 3531 deus
2820 3484 3031 3546 suscepit
3059 3484 3158 3544 W(

1146 3561 1204 3610 12
1233 3561 1414 3610 factum
1444 3564 1494 3611 A
1526 3563 1568 3622 (l
1599 3566 1676 3610 tus
1707 3565 1790 3610 ΜΒ
1819 3577 1856 3610 s.
1890 3566 2011 3620 tum)
2045 3561 2146 3610 PG‘
2247 3563 2303 3611 15
2336 3577 2420 3624 per
2452 3561 2754 3610 maledictum
2786 3561 2845 3612 Ψ
2878 3569 2983 3624 (per
3012 3578 3050 3611 a.
3082 3577 3133 3626 ις.

1142 3642 1243 3699 m3)
1269 3641 1419 3700 U‘¹E,·
1446 3642 1560 3702 fort.
1583 3640 1857 3698 maledicto;
1891 3656 2009 3688 nam
2032 3642 2160 3689 carni
2191 3641 2444 3703 peccatrici
2466 3656 2567 3689 non
2593 3641 2757 3704 placet
2846 3642 2903 3690 18
2935 3645 3155 3693 mortem.

1146 3718 1274 3781 (alt.)
1305 3722 1463 3768 autem
1494 3720 1624 3770 21¹¹E
1758 3720 1813 3767 19
1847 3718 1960 3781 quid
1993 3719 2146 3767 adhuc
2181 3719 2237 3767 de
2270 3719 2459 3768 saeculo
2492 3719 2786 3767 decernimus
2811 3720 2858 3768 A
2890 3720 3049 3782 (infra
3081 3720 3136 3768 in

1144 3811 1232 3859 my.
1256 3801 1340 3846 m2
1362 3797 1441 3846 ali'
1468 3811 1561 3860 quo
1587 3796 1741 3844 adhuc
1773 3796 2073 3858 secernimur)
2202 3797 2259 3845 de
2292 3812 2379 3846 om.
2405 3798 2486 3855 N¹‚
2519 3812 2556 3846 s.
2584 3813 2631 3847 u.
2663 3799 2707 3844 Τ
2829 3798 3018 3847 saeculo
3044 3836 3055 3847 .
3084 3836 3095 3849 .
3122 3836 3132 3847 .

1146 3874 1336 3924 Christo
1368 3890 1457 3924 om.
1490 3876 1533 3926 91
1775 3875 2056 3922 secernimus
2095 3875 2139 3922 T
2168 3875 2459 3924 decernimus
2491 3877 2545 3939 (s.
2579 3879 2663 3923 ²²12
2692 3877 2717 3923 1
2747 3876 3054 3935 deseruimus)
3088 3875 3142 3924 E

1146 3953 1436 4001 deseruimus
1465 3952 1541 4003 w
