<?xml version="1.0" encoding="UTF-8"?>
<!DOCTYPE html PUBLIC "-//W3C//DTD XHTML 1.0 Transitional//EN"
    "http://www.w3.org/TR/xhtml1/DTD/xhtml1-transitional.dtd">
<html xmlns="http://www.w3.org/1999/xhtml" xml:lang="en" lang="en">
 <head>
  <title>
</title>
<meta http-equiv="Content-Type" content="text/html;charset=utf-8" />
  <meta name='ocr-system' content='tesseract 3.04.00' />
  <meta name='ocr-capabilities' content='ocr_page ocr_carea ocr_par ocr_line ocrx_word'/>
</head>
<body>
  <div class='ocr_page' id='page_1' title='image "./sanctiambrosiio03petsgoog_0162.png"; bbox 0 0 4242 4694; ppageno 0'>
   <div class='ocr_carea' id='block_1_1' title="bbox 1088 481 2257 540">
    <p class='ocr_par' dir='ltr' id='par_1_1' title="bbox 1088 481 2257 540">
     <span class='ocr_line' id='line_1_1' title="bbox 1088 481 2257 540; baseline -0.007 -2"><span class='ocrx_word' id='word_1_1' title='bbox 1088 483 1200 540; x_wconf 84' lang='lat'><strong>104</strong></span> <span class='ocrx_word' id='word_1_2' title='bbox 1911 481 2257 530; x_wconf 77' lang='lat' dir='ltr'><strong>Ambrosii</strong></span> 
     </span>
    </p>
   </div>
   <div class='ocr_carea' id='block_1_2' title="bbox 913 648 3203 2887">
    <p class='ocr_par' dir='ltr' id='par_1_2' title="bbox 1084 648 3203 1853">
     <span class='ocr_line' id='line_1_2' title="bbox 1086 648 3203 726; baseline 0.004 -21"><span class='ocrx_word' id='word_1_3' title='bbox 1086 648 1330 718; x_wconf 85' lang='lat' dir='ltr'><strong>aduenit,</strong></span> <span class='ocrx_word' id='word_1_4' title='bbox 1381 649 1480 706; x_wconf 84' lang='lat' dir='ltr'><strong>sed</strong></span> <span class='ocrx_word' id='word_1_5' title='bbox 1528 650 1832 707; x_wconf 80' lang='lat' dir='ltr'><strong>arcessitus</strong></span> <span class='ocrx_word' id='word_1_6' title='bbox 1880 666 1912 705; x_wconf 87' lang='lat' dir='ltr'><strong>a</strong></span> <span class='ocrx_word' id='word_1_7' title='bbox 1958 649 2152 723; x_wconf 74' lang='lat' dir='ltr'><strong>primis</strong></span> <span class='ocrx_word' id='word_1_8' title='bbox 2201 650 2511 708; x_wconf 86' lang='lat' dir='ltr'><strong>uberiorem</strong></span> <span class='ocrx_word' id='word_1_9' title='bbox 2552 667 2793 709; x_wconf 88' lang='lat' dir='ltr'><strong>mercem</strong></span> <span class='ocrx_word' id='word_1_10' title='bbox 2837 654 3083 726; x_wconf 85' lang='lat' dir='ltr'><strong>priorum</strong></span> <span class='ocrx_word' id='word_1_11' title='bbox 3172 653 3203 702; x_wconf 71' lang='grc' dir='ltr'><em>Β</em></span> 
     </span>
     <span class='ocr_line' id='line_1_3' title="bbox 1086 742 3083 822; baseline 0.004 -22"><span class='ocrx_word' id='word_1_12' title='bbox 1086 760 1187 800; x_wconf 90' lang='lat' dir='ltr'><strong>suo</strong></span> <span class='ocrx_word' id='word_1_13' title='bbox 1221 744 1358 801; x_wconf 86' lang='lat' dir='ltr'><strong>fecit</strong></span> <span class='ocrx_word' id='word_1_14' title='bbox 1396 742 1659 801; x_wconf 88' lang='lat' dir='ltr'><strong>aduentu.</strong></span> <span class='ocrx_word' id='word_1_15' title='bbox 1703 747 1807 801; x_wconf 89' lang='lat' dir='ltr'><strong>est</strong></span> <span class='ocrx_word' id='word_1_16' title='bbox 1844 744 2027 817; x_wconf 88' lang='lat' dir='ltr'><strong>inquit</strong></span> <span class='ocrx_word' id='word_1_17' title='bbox 2066 744 2469 801; x_wconf 86' lang='lat' dir='ltr'><strong>frumentum</strong></span> <span class='ocrx_word' id='word_1_18' title='bbox 2511 746 2574 802; x_wconf 90' lang='lat' dir='ltr'><strong>in</strong></span> <span class='ocrx_word' id='word_1_19' title='bbox 2613 750 2938 822; x_wconf 84' lang='lat' dir='ltr'><strong>Aegypto,</strong></span> <span class='ocrx_word' id='word_1_20' title='bbox 2979 747 3083 807; x_wconf 85' lang='lat' dir='ltr'><strong>hoc</strong></span> 
     </span>
     <span class='ocr_line' id='line_1_4' title="bbox 1086 838 3087 915; baseline 0.002 -19"><span class='ocrx_word' id='word_1_21' title='bbox 1086 841 1205 896; x_wconf 84' lang='lat' dir='ltr'><strong>est:</strong></span> <span class='ocrx_word' id='word_1_22' title='bbox 1248 838 1345 895; x_wconf 92' lang='lat' dir='ltr'><strong>ubi</strong></span> <span class='ocrx_word' id='word_1_23' title='bbox 1383 838 1560 896; x_wconf 85' lang='lat' dir='ltr'><strong>maior</strong></span> <span class='ocrx_word' id='word_1_24' title='bbox 1598 839 1792 907; x_wconf 87' lang='lat' dir='ltr'><strong>fames,</strong></span> <span class='ocrx_word' id='word_1_25' title='bbox 1831 838 1909 895; x_wconf 90' lang='lat' dir='ltr'><strong>ibi</strong></span> <span class='ocrx_word' id='word_1_26' title='bbox 1943 838 2119 896; x_wconf 86' lang='lat' dir='ltr'><strong>maior</strong></span> <span class='ocrx_word' id='word_1_27' title='bbox 2149 840 2374 896; x_wconf 89' lang='lat' dir='ltr'><strong>ubertas</strong></span> <span class='ocrx_word' id='word_1_28' title='bbox 2409 843 2511 899; x_wconf 89' lang='lat' dir='ltr'><strong>est.</strong></span> <span class='ocrx_word' id='word_1_29' title='bbox 2547 857 2813 915; x_wconf 82' lang='lat' dir='ltr'><strong>magnum</strong></span> <span class='ocrx_word' id='word_1_30' title='bbox 2844 842 3087 900; x_wconf 84' lang='lat' dir='ltr'><strong>frumen-</strong></span> 
     </span>
     <span class='ocr_line' id='line_1_5' title="bbox 1084 932 3085 1011; baseline 0.001 -20"><span class='ocrx_word' id='word_1_31' title='bbox 1084 936 1205 991; x_wconf 89' lang='lat' dir='ltr'><strong>tum</strong></span> <span class='ocrx_word' id='word_1_32' title='bbox 1247 933 1302 989; x_wconf 92' lang='lat' dir='ltr'><strong>in</strong></span> <span class='ocrx_word' id='word_1_33' title='bbox 1343 933 1613 1007; x_wconf 82' lang='lat' dir='ltr'><strong>Aegypto.</strong></span> <span class='ocrx_word' id='word_1_34' title='bbox 1665 932 1900 1005; x_wconf 88' lang='lat' dir='ltr'><strong>denique</strong></span> <span class='ocrx_word' id='word_1_35' title='bbox 1951 937 2008 990; x_wconf 92' lang='lat' dir='ltr'><strong>et</strong></span> <span class='ocrx_word' id='word_1_36' title='bbox 2057 933 2195 991; x_wconf 83' lang='lat' dir='ltr'><strong>deus</strong></span> <span class='ocrx_word' id='word_1_37' title='bbox 2243 937 2399 1006; x_wconf 85' lang='lat' dir='ltr'><strong>pater</strong></span> <span class='ocrx_word' id='word_1_38' title='bbox 2447 934 2615 992; x_wconf 83' lang='lat' dir='ltr'><strong>dicit:</strong></span> <span class='ocrx_word' id='word_1_39' title='bbox 2665 952 2736 992; x_wconf 82' lang='lat' dir='ltr'><strong>ex</strong></span> <span class='ocrx_word' id='word_1_40' title='bbox 2782 936 3085 1011; x_wconf 79' lang='lat' dir='ltr'><strong>Aegypto</strong></span> 
     </span>
     <span class='ocr_line' id='line_1_6' title="bbox 1086 1026 3154 1104; baseline 0.001 -21"><span class='ocrx_word' id='word_1_41' title='bbox 1086 1027 1324 1084; x_wconf 85' lang='lat' dir='ltr'><strong>uocaui</strong></span> <span class='ocrx_word' id='word_1_42' title='bbox 1374 1027 1599 1084; x_wconf 88' lang='lat' dir='ltr'><strong>filium</strong></span> <span class='ocrx_word' id='word_1_43' title='bbox 1640 1043 1866 1083; x_wconf 87' lang='lat' dir='ltr'><strong>meum.</strong></span> <span class='ocrx_word' id='word_1_44' title='bbox 1910 1044 1971 1083; x_wconf 88' lang='lat' dir='ltr'><strong>ex</strong></span> <span class='ocrx_word' id='word_1_45' title='bbox 2011 1026 2121 1084; x_wconf 83' lang='lat' dir='ltr'><strong>isto</strong></span> <span class='ocrx_word' id='word_1_46' title='bbox 2166 1044 2332 1102; x_wconf 87' lang='lat' dir='ltr'><strong>grano</strong></span> <span class='ocrx_word' id='word_1_47' title='bbox 2374 1028 2473 1085; x_wconf 88' lang='lat' dir='ltr'><strong>illa</strong></span> <span class='ocrx_word' id='word_1_48' title='bbox 2512 1029 2863 1096; x_wconf 72' lang='lat' dir='ltr'><strong>fecundita83</strong></span> <span class='ocrx_word' id='word_1_49' title='bbox 2907 1046 3088 1104; x_wconf 84' lang='lat' dir='ltr'><strong>neque</strong></span> <span class='ocrx_word' id='word_1_50' title='bbox 3131 1050 3154 1085; x_wconf 74' lang='grc' dir='ltr'><strong><em>ι</em></strong></span> 
     </span>
     <span class='ocr_line' id='line_1_7' title="bbox 1085 1120 3090 1197; baseline 0.003 -20"><span class='ocrx_word' id='word_1_51' title='bbox 1085 1120 1233 1178; x_wconf 89' lang='lat' dir='ltr'><strong>enim</strong></span> <span class='ocrx_word' id='word_1_52' title='bbox 1272 1121 1473 1178; x_wconf 89' lang='lat' dir='ltr'><strong>messis</strong></span> <span class='ocrx_word' id='word_1_53' title='bbox 1516 1137 1638 1178; x_wconf 87' lang='lat' dir='ltr'><strong>esse</strong></span> <span class='ocrx_word' id='word_1_54' title='bbox 1678 1120 1974 1193; x_wconf 89' lang='lat' dir='ltr'><strong>potuisset,</strong></span> <span class='ocrx_word' id='word_1_55' title='bbox 2017 1120 2124 1177; x_wconf 90' lang='lat' dir='ltr'><strong>nisi</strong></span> <span class='ocrx_word' id='word_1_56' title='bbox 2163 1121 2426 1195; x_wconf 81' lang='lat' dir='ltr'><strong>Aegyptii</strong></span> <span class='ocrx_word' id='word_1_57' title='bbox 2469 1139 2700 1197; x_wconf 84' lang='lat' dir='ltr'><strong>granum</strong></span> <span class='ocrx_word' id='word_1_58' title='bbox 2742 1126 2869 1182; x_wconf 85' lang='lat' dir='ltr'><strong>ante</strong></span> <span class='ocrx_word' id='word_1_59' title='bbox 2912 1123 3090 1183; x_wconf 77' lang='lat' dir='ltr'><strong>senis·</strong></span> 
     </span>
     <span class='ocr_line' id='line_1_8' title="bbox 1085 1215 3090 1290; baseline 0.003 -19"><span class='ocrx_word' id='word_1_60' title='bbox 1085 1218 1229 1272; x_wconf 89' lang='lat' dir='ltr'><strong>sent.</strong></span> <span class='ocrx_word' id='word_1_61' title='bbox 1273 1218 1361 1272; x_wconf 89' lang='lat' dir='ltr'><strong>est</strong></span> <span class='ocrx_word' id='word_1_62' title='bbox 1400 1231 1527 1290; x_wconf 86' lang='lat' dir='ltr'><strong>ergo</strong></span> <span class='ocrx_word' id='word_1_63' title='bbox 1570 1215 1927 1282; x_wconf 81' lang='lat' dir='ltr'><strong>frumentum,</strong></span> <span class='ocrx_word' id='word_1_64' title='bbox 1970 1215 2117 1287; x_wconf 89' lang='lat' dir='ltr'><strong>quod</strong></span> <span class='ocrx_word' id='word_1_65' title='bbox 2158 1232 2317 1272; x_wconf 91' lang='lat' dir='ltr'><strong>nemo</strong></span> <span class='ocrx_word' id='word_1_66' title='bbox 2359 1219 2486 1273; x_wconf 87' lang='lat' dir='ltr'><strong>ante</strong></span> <span class='ocrx_word' id='word_1_67' title='bbox 2527 1234 2651 1274; x_wconf 87' lang='lat' dir='ltr'><strong>esse</strong></span> <span class='ocrx_word' id='word_1_68' title='bbox 2693 1216 2989 1287; x_wconf 87' lang='lat' dir='ltr'><strong>credebat;</strong></span> <span class='ocrx_word' id='word_1_69' title='bbox 3030 1220 3090 1278; x_wconf 89' lang='lat' dir='ltr'><strong>in</strong></span> 
     </span>
     <span class='ocr_line' id='line_1_9' title="bbox 1085 1306 3203 1388; baseline 0.002 -22"><span class='ocrx_word' id='word_1_70' title='bbox 1085 1310 1192 1367; x_wconf 87' lang='lat' dir='ltr'><strong>hoc</strong></span> <span class='ocrx_word' id='word_1_71' title='bbox 1231 1309 1507 1367; x_wconf 85' lang='lat' dir='ltr'><strong>frumento</strong></span> <span class='ocrx_word' id='word_1_72' title='bbox 1543 1308 1901 1383; x_wconf 79' lang='lat' dir='ltr'>negotiantur</span> <span class='ocrx_word' id='word_1_73' title='bbox 1932 1309 2294 1382; x_wconf 80' lang='lat' dir='ltr'>patriarchae.</span> <span class='ocrx_word' id='word_1_74' title='bbox 2329 1313 2385 1368; x_wconf 90' lang='lat' dir='ltr'><strong>et</strong></span> <span class='ocrx_word' id='word_1_75' title='bbox 2417 1311 2502 1367; x_wconf 88' lang='lat' dir='ltr'><strong>illi</strong></span> <span class='ocrx_word' id='word_1_76' title='bbox 2536 1311 2760 1383; x_wconf 83' lang='lat' dir='ltr'><strong>quidem</strong></span> <span class='ocrx_word' id='word_1_77' title='bbox 2794 1317 3090 1388; x_wconf 86' lang='lat' dir='ltr'><strong>argentum</strong></span> <span class='ocrx_word' id='word_1_78' title='bbox 3189 1306 3203 1356; x_wconf 82' lang='grc'><strong>(</strong></span> 
     </span>
     <span class='ocr_line' id='line_1_10' title="bbox 1086 1400 3089 1481; baseline 0.003 -21"><span class='ocrx_word' id='word_1_79' title='bbox 1086 1403 1416 1471; x_wconf 77' lang='lat' dir='ltr'>detulerant,</span> <span class='ocrx_word' id='word_1_80' title='bbox 1474 1400 1574 1461; x_wconf 90' lang='lat' dir='ltr'><strong>sed</strong></span> <span class='ocrx_word' id='word_1_81' title='bbox 1639 1402 1818 1459; x_wconf 93' lang='lat' dir='ltr'><strong>bonus</strong></span> <span class='ocrx_word' id='word_1_82' title='bbox 1882 1403 2084 1477; x_wconf 88' lang='lat' dir='ltr'><strong>Ioseph</strong></span> <span class='ocrx_word' id='word_1_83' title='bbox 2148 1404 2488 1462; x_wconf 86' lang='lat' dir='ltr'><strong>frumentum</strong></span> <span class='ocrx_word' id='word_1_84' title='bbox 2555 1403 2725 1470; x_wconf 84' lang='lat' dir='ltr'><strong>dedit,</strong></span> <span class='ocrx_word' id='word_1_85' title='bbox 2792 1410 3089 1481; x_wconf 82' lang='lat' dir='ltr'><strong>argentum</strong></span> 
     </span>
     <span class='ocr_line' id='line_1_11' title="bbox 1085 1496 3163 1575; baseline -0 -19"><span class='ocrx_word' id='word_1_86' title='bbox 1085 1497 1350 1566; x_wconf 81' lang='lat' dir='ltr'><strong>reddidit3</strong></span> <span class='ocrx_word' id='word_1_87' title='bbox 1378 1513 1484 1554; x_wconf 92' lang='lat' dir='ltr'><strong>non</strong></span> <span class='ocrx_word' id='word_1_88' title='bbox 1512 1496 1656 1553; x_wconf 90' lang='lat' dir='ltr'><strong>enim</strong></span> <span class='ocrx_word' id='word_1_89' title='bbox 1684 1496 1918 1569; x_wconf 88' lang='lat' dir='ltr'><strong>pecunia</strong></span> <span class='ocrx_word' id='word_1_90' title='bbox 1943 1498 2147 1555; x_wconf 90' lang='lat' dir='ltr'><strong>emitur</strong></span> <span class='ocrx_word' id='word_1_91' title='bbox 2171 1497 2445 1568; x_wconf 85' lang='lat' dir='ltr'><strong>Christus,</strong></span> <span class='ocrx_word' id='word_1_92' title='bbox 2473 1499 2571 1557; x_wconf 88' lang='lat' dir='ltr'><strong>sed</strong></span> <span class='ocrx_word' id='word_1_93' title='bbox 2605 1500 2809 1574; x_wconf 83' lang='lat' dir='ltr'><strong>gratia:</strong></span> <span class='ocrx_word' id='word_1_94' title='bbox 2844 1499 3092 1575; x_wconf 80' lang='lat' dir='ltr'><strong>pretium</strong></span> <span class='ocrx_word' id='word_1_95' title='bbox 3123 1519 3163 1556; x_wconf 82' lang='grc' dir='ltr'><strong>ιο</strong></span> 
     </span>
     <span class='ocr_line' id='line_1_12' title="bbox 1084 1590 3092 1667; baseline 0.002 -18"><span class='ocrx_word' id='word_1_96' title='bbox 1084 1596 1248 1650; x_wconf 90' lang='lat' dir='ltr'><strong>tuum</strong></span> <span class='ocrx_word' id='word_1_97' title='bbox 1301 1590 1439 1648; x_wconf 87' lang='lat' dir='ltr'><strong>fides</strong></span> <span class='ocrx_word' id='word_1_98' title='bbox 1489 1594 1594 1659; x_wconf 89' lang='lat' dir='ltr'><strong>est,</strong></span> <span class='ocrx_word' id='word_1_99' title='bbox 1643 1591 1746 1647; x_wconf 88' lang='lat' dir='ltr'><strong>hac</strong></span> <span class='ocrx_word' id='word_1_100' title='bbox 1796 1595 2057 1647; x_wconf 89' lang='lat' dir='ltr'><strong>emuntur</strong></span> <span class='ocrx_word' id='word_1_101' title='bbox 2105 1591 2296 1649; x_wconf 85' lang='lat' dir='ltr'><strong>diuina</strong></span> <span class='ocrx_word' id='word_1_102' title='bbox 2341 1594 2622 1667; x_wconf 82' lang='lat' dir='ltr'><strong>mysteria.</strong></span> <span class='ocrx_word' id='word_1_103' title='bbox 2673 1598 2861 1667; x_wconf 84' lang='lat' dir='ltr'><strong>portat</strong></span> <span class='ocrx_word' id='word_1_104' title='bbox 2899 1598 3092 1653; x_wconf 84' lang='lat' dir='ltr'><strong>autem</strong></span> 
     </span>
     <span class='ocr_line' id='line_1_13' title="bbox 1086 1684 3090 1763; baseline 0.002 -20"><span class='ocrx_word' id='word_1_105' title='bbox 1086 1687 1425 1754; x_wconf 82' lang='lat' dir='ltr'><strong>frumentum</strong></span> <span class='ocrx_word' id='word_1_106' title='bbox 1476 1684 1581 1742; x_wconf 89' lang='lat' dir='ltr'><strong>hoc</strong></span> <span class='ocrx_word' id='word_1_107' title='bbox 1631 1685 1819 1742; x_wconf 89' lang='lat' dir='ltr'><strong>asinus</strong></span> <span class='ocrx_word' id='word_1_108' title='bbox 1868 1686 1965 1743; x_wconf 88' lang='lat' dir='ltr'><strong>ille</strong></span> <span class='ocrx_word' id='word_1_109' title='bbox 2014 1689 2139 1743; x_wconf 88' lang='lat' dir='ltr'><strong>ante</strong></span> <span class='ocrx_word' id='word_1_110' title='bbox 2187 1686 2487 1745; x_wconf 88' lang='lat' dir='ltr'><strong>inmundus</strong></span> <span class='ocrx_word' id='word_1_111' title='bbox 2537 1688 2593 1745; x_wconf 90' lang='lat' dir='ltr'><strong>in</strong></span> <span class='ocrx_word' id='word_1_112' title='bbox 2641 1688 2786 1763; x_wconf 88' lang='lat' dir='ltr'><strong>lege,</strong></span> <span class='ocrx_word' id='word_1_113' title='bbox 2837 1688 2939 1747; x_wconf 87' lang='lat' dir='ltr'><strong>sed</strong></span> <span class='ocrx_word' id='word_1_114' title='bbox 2976 1689 3090 1747; x_wconf 83' lang='lat' dir='ltr'><strong>iam</strong></span> 
     </span>
     <span class='ocr_line' id='line_1_14' title="bbox 1084 1778 1662 1853; baseline -0.005 -16"><span class='ocrx_word' id='word_1_115' title='bbox 1084 1779 1328 1837; x_wconf 88' lang='lat' dir='ltr'><strong>mundus</strong></span> <span class='ocrx_word' id='word_1_116' title='bbox 1367 1778 1424 1834; x_wconf 92' lang='lat' dir='ltr'><strong>in</strong></span> <span class='ocrx_word' id='word_1_117' title='bbox 1466 1778 1662 1853; x_wconf 88' lang='lat' dir='ltr'><strong>gratia.</strong></span> 
     </span>
    </p>

    <p class='ocr_par' dir='ltr' id='par_1_3' title="bbox 913 1872 3203 2887">
     <span class='ocr_line' id='line_1_15' title="bbox 913 1872 3203 1948; baseline 0.003 -19"><span class='ocrx_word' id='word_1_118' title='bbox 913 1872 975 1944; x_wconf 80' lang='lat'><strong>9,</strong></span> <span class='ocrx_word' id='word_1_119' title='bbox 993 1872 1069 1928; x_wconf 84' lang='grc'><strong>46</strong></span> <span class='ocrx_word' id='word_1_120' title='bbox 1165 1873 1480 1931; x_wconf 86' lang='lat' dir='ltr'><strong>Tenebatur</strong></span> <span class='ocrx_word' id='word_1_121' title='bbox 1516 1872 1700 1927; x_wconf 87' lang='lat' dir='ltr'><strong>tamen</strong></span> <span class='ocrx_word' id='word_1_122' title='bbox 1742 1872 2033 1928; x_wconf 82' lang='lat' dir='ltr'><strong>Beniamin</strong></span> <span class='ocrx_word' id='word_1_123' title='bbox 2075 1874 2257 1932; x_wconf 91' lang='lat' dir='ltr'><strong>iunior</strong></span> <span class='ocrx_word' id='word_1_124' title='bbox 2297 1877 2356 1932; x_wconf 91' lang='lat' dir='ltr'><strong>et</strong></span> <span class='ocrx_word' id='word_1_125' title='bbox 2393 1875 2574 1948; x_wconf 86' lang='lat' dir='ltr'><strong>patrio</strong></span> <span class='ocrx_word' id='word_1_126' title='bbox 2613 1875 2795 1934; x_wconf 87' lang='lat' dir='ltr'><strong>adhuc</strong></span> <span class='ocrx_word' id='word_1_127' title='bbox 2827 1876 3093 1935; x_wconf 75' lang='lat' dir='ltr'>haerebat</span> <span class='ocrx_word' id='word_1_128' title='bbox 3186 1879 3203 1928; x_wconf 89' lang='grc'><strong>1</strong></span> 
     </span>
     <span class='ocr_line' id='line_1_16' title="bbox 1089 1964 3161 2043; baseline -0 -20"><span class='ocrx_word' id='word_1_129' title='bbox 1089 1966 1329 2025; x_wconf 84' lang='lat' dir='ltr'><strong>adfectu.</strong></span> <span class='ocrx_word' id='word_1_130' title='bbox 1369 1964 1633 2023; x_wconf 84' lang='lat' dir='ltr'><strong>tenebant</strong></span> <span class='ocrx_word' id='word_1_131' title='bbox 1676 1981 1805 2022; x_wconf 89' lang='lat' dir='ltr'><strong>eum</strong></span> <span class='ocrx_word' id='word_1_132' title='bbox 1842 1965 1987 2040; x_wconf 88' lang='lat' dir='ltr'><strong>legis</strong></span> <span class='ocrx_word' id='word_1_133' title='bbox 2030 1967 2272 2035; x_wconf 83' lang='lat' dir='ltr'><strong>uincula,</strong></span> <span class='ocrx_word' id='word_1_134' title='bbox 2315 1985 2437 2025; x_wconf 87' lang='lat' dir='ltr'><strong>mos</strong></span> <span class='ocrx_word' id='word_1_135' title='bbox 2477 1973 2759 2043; x_wconf 88' lang='lat' dir='ltr'><strong>paternus.</strong></span> <span class='ocrx_word' id='word_1_136' title='bbox 2802 1970 2980 2028; x_wconf 83' lang='lat' dir='ltr'><strong>fames</strong></span> <span class='ocrx_word' id='word_1_137' title='bbox 3012 1971 3092 2028; x_wconf 86' lang='lat' dir='ltr'><strong>in·</strong></span> <span class='ocrx_word' id='word_1_138' title='bbox 3123 1988 3161 2022; x_wconf 71' lang='grc' dir='ltr'><strong>ιε.</strong></span> 
     </span>
     <span class='ocr_line' id='line_1_17' title="bbox 1088 2059 3203 2136; baseline 0.001 -16"><span class='ocrx_word' id='word_1_139' title='bbox 1088 2061 1426 2131; x_wconf 87' lang='lat' dir='ltr'><strong>ualescebat,</strong></span> <span class='ocrx_word' id='word_1_140' title='bbox 1469 2062 1599 2136; x_wconf 89' lang='lat' dir='ltr'><strong>quia</strong></span> <span class='ocrx_word' id='word_1_141' title='bbox 1639 2079 1759 2120; x_wconf 90' lang='lat' dir='ltr'><strong>sero</strong></span> <span class='ocrx_word' id='word_1_142' title='bbox 1803 2062 2080 2120; x_wconf 90' lang='lat' dir='ltr'><strong>ueniebat.</strong></span> <span class='ocrx_word' id='word_1_143' title='bbox 2116 2061 2471 2120; x_wconf 84' lang='lat' dir='ltr'><strong>intercedunt</strong></span> <span class='ocrx_word' id='word_1_144' title='bbox 2501 2080 2598 2135; x_wconf 91' lang='lat' dir='ltr'><strong>pro</strong></span> <span class='ocrx_word' id='word_1_145' title='bbox 2634 2080 2698 2121; x_wconf 91' lang='lat' dir='ltr'><strong>eo</strong></span> <span class='ocrx_word' id='word_1_146' title='bbox 2732 2063 2862 2133; x_wconf 86' lang='lat' dir='ltr'><strong>duo,</strong></span> <span class='ocrx_word' id='word_1_147' title='bbox 2895 2063 3092 2122; x_wconf 88' lang='lat' dir='ltr'><strong>Ruben</strong></span> <span class='ocrx_word' id='word_1_148' title='bbox 3192 2059 3203 2108; x_wconf 88' lang='lat'>¹</span> 
     </span>
     <span class='ocr_line' id='line_1_18' title="bbox 1089 2156 3092 2232; baseline 0.001 -19"><span class='ocrx_word' id='word_1_149' title='bbox 1089 2160 1146 2215; x_wconf 90' lang='lat' dir='ltr'><strong>et</strong></span> <span class='ocrx_word' id='word_1_150' title='bbox 1186 2156 1376 2226; x_wconf 88' lang='lat' dir='ltr'><strong>Iudas,</strong></span> <span class='ocrx_word' id='word_1_151' title='bbox 1417 2157 1523 2214; x_wconf 88' lang='lat' dir='ltr'><strong>hoc</strong></span> <span class='ocrx_word' id='word_1_152' title='bbox 1565 2161 1652 2214; x_wconf 90' lang='lat' dir='ltr'><strong>est</strong></span> <span class='ocrx_word' id='word_1_153' title='bbox 1691 2156 1981 2213; x_wconf 80' lang='lat' dir='ltr'><strong>humilitas</strong></span> <span class='ocrx_word' id='word_1_154' title='bbox 2022 2157 2187 2229; x_wconf 88' lang='lat' dir='ltr'><strong>atque</strong></span> <span class='ocrx_word' id='word_1_155' title='bbox 2230 2156 2525 2215; x_wconf 86' lang='lat' dir='ltr'><strong>confessio.</strong></span> <span class='ocrx_word' id='word_1_156' title='bbox 2560 2156 2648 2214; x_wconf 88' lang='lat' dir='ltr'><strong>his</strong></span> <span class='ocrx_word' id='word_1_157' title='bbox 2681 2156 2922 2215; x_wconf 86' lang='lat' dir='ltr'><strong>uadibus</strong></span> <span class='ocrx_word' id='word_1_158' title='bbox 2955 2162 3092 2232; x_wconf 88' lang='lat' dir='ltr'><strong>aput</strong></span> 
     </span>
     <span class='ocr_line' id='line_1_19' title="bbox 1088 2250 3091 2325; baseline 0 -16"><span class='ocrx_word' id='word_1_159' title='bbox 1088 2253 1303 2325; x_wconf 86' lang='lat' dir='ltr'><strong>patrem</strong></span> <span class='ocrx_word' id='word_1_160' title='bbox 1341 2251 1538 2321; x_wconf 89' lang='lat' dir='ltr'><strong>utitur,</strong></span> <span class='ocrx_word' id='word_1_161' title='bbox 1579 2252 1667 2309; x_wconf 91' lang='lat' dir='ltr'><strong>his</strong></span> <span class='ocrx_word' id='word_1_162' title='bbox 1700 2250 2088 2317; x_wconf 75' lang='lat' dir='ltr'><strong>committitur,</strong></span> <span class='ocrx_word' id='word_1_163' title='bbox 2124 2268 2358 2324; x_wconf 89' lang='lat' dir='ltr'><strong>quorum</strong></span> <span class='ocrx_word' id='word_1_164' title='bbox 2392 2268 2536 2308; x_wconf 90' lang='lat' dir='ltr'><strong>unus</strong></span> <span class='ocrx_word' id='word_1_165' title='bbox 2569 2251 2911 2325; x_wconf 87' lang='lat' dir='ltr'><strong>primitiuus,</strong></span> <span class='ocrx_word' id='word_1_166' title='bbox 2947 2252 3091 2310; x_wconf 86' lang='lat' dir='ltr'><strong>alius</strong></span> 
     </span>
     <span class='ocr_line' id='line_1_20' title="bbox 1089 2344 3091 2419; baseline 0.001 -16"><span class='ocrx_word' id='word_1_167' title='bbox 1089 2345 1479 2405; x_wconf 87' lang='lat' dir='ltr'><strong>resuscitatus.</strong></span> <span class='ocrx_word' id='word_1_168' title='bbox 1521 2347 1608 2403; x_wconf 86' lang='lat' dir='ltr'><strong>lex</strong></span> <span class='ocrx_word' id='word_1_169' title='bbox 1655 2344 1947 2419; x_wconf 87' lang='lat' dir='ltr'><strong>primitiui,</strong></span> <span class='ocrx_word' id='word_1_170' title='bbox 1999 2345 2350 2419; x_wconf 86' lang='lat' dir='ltr'><strong>euangelium</strong></span> <span class='ocrx_word' id='word_1_171' title='bbox 2399 2346 2736 2404; x_wconf 88' lang='lat' dir='ltr'><strong>resuscitati.</strong></span> <span class='ocrx_word' id='word_1_172' title='bbox 2785 2346 2873 2403; x_wconf 90' lang='lat' dir='ltr'><strong>his</strong></span> <span class='ocrx_word' id='word_1_173' title='bbox 2924 2346 3091 2405; x_wconf 87' lang='lat' dir='ltr'><strong>dedu-</strong></span> 
     </span>
     <span class='ocr_line' id='line_1_21' title="bbox 1090 2437 3164 2497; baseline -0.001 -1"><span class='ocrx_word' id='word_1_174' title='bbox 1090 2439 1237 2497; x_wconf 83' lang='lat' dir='ltr'><strong>citur</strong></span> <span class='ocrx_word' id='word_1_175' title='bbox 1289 2439 1576 2497; x_wconf 81' lang='lat' dir='ltr'><strong>Beniamin</strong></span> <span class='ocrx_word' id='word_1_176' title='bbox 1633 2437 1812 2495; x_wconf 90' lang='lat' dir='ltr'><strong>iunior</strong></span> <span class='ocrx_word' id='word_1_177' title='bbox 1871 2441 1928 2495; x_wconf 91' lang='lat' dir='ltr'><strong>et</strong></span> <span class='ocrx_word' id='word_1_178' title='bbox 1983 2438 2142 2495; x_wconf 91' lang='lat' dir='ltr'><strong>bonis</strong></span> <span class='ocrx_word' id='word_1_179' title='bbox 2198 2437 2459 2495; x_wconf 90' lang='lat' dir='ltr'><strong>odoribus</strong></span> <span class='ocrx_word' id='word_1_180' title='bbox 2517 2438 2817 2496; x_wconf 80' lang='lat' dir='ltr'><strong>comitatus</strong></span> <span class='ocrx_word' id='word_1_181' title='bbox 2865 2439 3094 2497; x_wconf 89' lang='lat' dir='ltr'><strong>aduenit</strong></span> <span class='ocrx_word' id='word_1_182' title='bbox 3120 2458 3164 2494; x_wconf 77' lang='lat' dir='ltr'><strong>no</strong></span> 
     </span>
     <span class='ocr_line' id='line_1_22' title="bbox 1089 2530 3089 2605; baseline -0.001 -15"><span class='ocrx_word' id='word_1_183' title='bbox 1089 2535 1315 2605; x_wconf 86' lang='lat' dir='ltr'><strong>portans</strong></span> <span class='ocrx_word' id='word_1_184' title='bbox 1366 2549 1556 2590; x_wconf 91' lang='lat' dir='ltr'><strong>secum</strong></span> <span class='ocrx_word' id='word_1_185' title='bbox 1608 2531 1866 2600; x_wconf 87' lang='lat' dir='ltr'><strong>resinam,</strong></span> <span class='ocrx_word' id='word_1_186' title='bbox 1917 2548 2028 2604; x_wconf 89' lang='lat' dir='ltr'><strong>qua</strong></span> <span class='ocrx_word' id='word_1_187' title='bbox 2073 2530 2288 2603; x_wconf 86' lang='lat' dir='ltr'><strong>lapides</strong></span> <span class='ocrx_word' id='word_1_188' title='bbox 2330 2548 2668 2589; x_wconf 88' lang='lat' dir='ltr'><strong>marmorum</strong></span> <span class='ocrx_word' id='word_1_189' title='bbox 2708 2535 3089 2605; x_wconf 83' lang='lat' dir='ltr'><strong>conectuntur,</strong></span> 
     </span>
     <span class='ocr_line' id='line_1_23' title="bbox 1091 2625 3091 2700; baseline 0.001 -16"><span class='ocrx_word' id='word_1_190' title='bbox 1091 2643 1155 2684; x_wconf 86' lang='lat' dir='ltr'><strong>eo</strong></span> <span class='ocrx_word' id='word_1_191' title='bbox 1200 2627 1347 2700; x_wconf 84' lang='lat' dir='ltr'><strong>quod</strong></span> <span class='ocrx_word' id='word_1_192' title='bbox 1387 2626 1795 2699; x_wconf 87' lang='lat' dir='ltr'><strong>praedicatione</strong></span> <span class='ocrx_word' id='word_1_193' title='bbox 1836 2625 2060 2699; x_wconf 84' lang='lat' dir='ltr'><strong>propria</strong></span> <span class='ocrx_word' id='word_1_194' title='bbox 2097 2627 2383 2697; x_wconf 88' lang='lat' dir='ltr'><strong>tamquam</strong></span> <span class='ocrx_word' id='word_1_195' title='bbox 2426 2626 2666 2699; x_wconf 85' lang='lat' dir='ltr'><strong>spiritali</strong></span> <span class='ocrx_word' id='word_1_196' title='bbox 2705 2626 2890 2684; x_wconf 88' lang='lat' dir='ltr'><strong>resina</strong></span> <span class='ocrx_word' id='word_1_197' title='bbox 2930 2627 3091 2685; x_wconf 90' lang='lat' dir='ltr'><strong>uiuos</strong></span> 
     </span>
     <span class='ocr_line' id='line_1_24' title="bbox 1089 2719 3093 2794; baseline 0 -16"><span class='ocrx_word' id='word_1_198' title='bbox 1089 2720 1304 2794; x_wconf 84' lang='lat' dir='ltr'><strong>lapides</strong></span> <span class='ocrx_word' id='word_1_199' title='bbox 1354 2721 1523 2778; x_wconf 86' lang='lat' dir='ltr'><strong>etiam</strong></span> <span class='ocrx_word' id='word_1_200' title='bbox 1572 2719 1680 2776; x_wconf 88' lang='lat' dir='ltr'><strong>iste</strong></span> <span class='ocrx_word' id='word_1_201' title='bbox 1733 2720 2083 2777; x_wconf 88' lang='lat' dir='ltr'><strong>conecteret:</strong></span> <span class='ocrx_word' id='word_1_202' title='bbox 2132 2720 2358 2791; x_wconf 86' lang='lat' dir='ltr'><strong>portans</strong></span> <span class='ocrx_word' id='word_1_203' title='bbox 2405 2719 2573 2776; x_wconf 86' lang='lat' dir='ltr'><strong>etiam</strong></span> <span class='ocrx_word' id='word_1_204' title='bbox 2612 2721 2741 2788; x_wconf 86' lang='lat' dir='ltr'><strong>mel,</strong></span> <span class='ocrx_word' id='word_1_205' title='bbox 2784 2737 2893 2794; x_wconf 92' lang='lat' dir='ltr'><strong>quo</strong></span> <span class='ocrx_word' id='word_1_206' title='bbox 2935 2722 3093 2778; x_wconf 83' lang='lat' dir='ltr'><strong>noxia</strong></span> 
     </span>
     <span class='ocr_line' id='line_1_25' title="bbox 1094 2809 3203 2887; baseline -0 -16"><span class='ocrx_word' id='word_1_207' title='bbox 1094 2814 1338 2873; x_wconf 85' lang='lat' dir='ltr'><strong>uulneris</strong></span> <span class='ocrx_word' id='word_1_208' title='bbox 1388 2813 1621 2871; x_wconf 90' lang='lat' dir='ltr'><strong>interius</strong></span> <span class='ocrx_word' id='word_1_209' title='bbox 1672 2812 1978 2870; x_wconf 87' lang='lat' dir='ltr'><strong>exeduntur</strong></span> <span class='ocrx_word' id='word_1_210' title='bbox 2033 2812 2151 2870; x_wconf 81' lang='lat' dir='ltr'><strong>sins</strong></span> <span class='ocrx_word' id='word_1_211' title='bbox 2207 2812 2510 2870; x_wconf 84' lang='lat' dir='ltr'><strong>acerbitate</strong></span> <span class='ocrx_word' id='word_1_212' title='bbox 2567 2815 2751 2887; x_wconf 88' lang='lat' dir='ltr'><strong>aliqua</strong></span> <span class='ocrx_word' id='word_1_213' title='bbox 2806 2816 3089 2873; x_wconf 84' lang='lat' dir='ltr'><strong>sectionis.</strong></span> <span class='ocrx_word' id='word_1_214' title='bbox 3192 2809 3203 2857; x_wconf 73' lang='lat'>1</span> 
     </span>
    </p>
   </div>
   <div class='ocr_carea' id='block_1_3' title="bbox 1090 2979 3092 3201">
    <p class='ocr_par' dir='ltr' id='par_1_4' title="bbox 1090 2979 3092 3201">
     <span class='ocr_line' id='line_1_26' title="bbox 1247 2979 3092 3044; baseline 0 -14"><span class='ocrx_word' id='word_1_215' title='bbox 1247 2983 1278 3030; x_wconf 98' lang='lat'>4</span> <span class='ocrx_word' id='word_1_216' title='bbox 1307 2981 1480 3029; x_wconf 80' lang='lat' dir='ltr'><strong>Matth.</strong></span> <span class='ocrx_word' id='word_1_217' title='bbox 1514 2982 1559 3038; x_wconf 90' lang='grc'><strong>2,</strong></span> <span class='ocrx_word' id='word_1_218' title='bbox 1595 2983 1651 3030; x_wconf 88' lang='grc'><strong>15</strong></span> <span class='ocrx_word' id='word_1_219' title='bbox 1684 2982 1819 3044; x_wconf 81' lang='lat' dir='ltr'><strong>(Hos.</strong></span> <span class='ocrx_word' id='word_1_220' title='bbox 1857 2982 1927 3035; x_wconf 91' lang='lat'><strong>11.</strong></span> <span class='ocrx_word' id='word_1_221' title='bbox 1966 2981 2011 3040; x_wconf 93' lang='grc'><strong>1)</strong></span> <span class='ocrx_word' id='word_1_222' title='bbox 2111 2981 2168 3028; x_wconf 90' lang='grc'><strong>12</strong></span> <span class='ocrx_word' id='word_1_223' title='bbox 2202 2979 2318 3029; x_wconf 83' lang='lat' dir='ltr'><strong>Gen.</strong></span> <span class='ocrx_word' id='word_1_224' title='bbox 2351 2983 2428 3031; x_wconf 82' lang='grc'><strong>44.</strong></span> <span class='ocrx_word' id='word_1_225' title='bbox 2461 2982 2490 3029; x_wconf 85' lang='lat'><strong>3</strong></span> <span class='ocrx_word' id='word_1_226' title='bbox 2522 2981 2624 3029; x_wconf 77' lang='lat'>1011.</span> <span class='ocrx_word' id='word_1_227' title='bbox 2657 2982 2727 3037; x_wconf 83' lang='lat'><strong>12,</strong></span> <span class='ocrx_word' id='word_1_228' title='bbox 2758 2983 2816 3029; x_wconf 90' lang='lat'><strong>14</strong></span> <span class='ocrx_word' id='word_1_229' title='bbox 2840 2997 2929 3044; x_wconf 82' lang='lat' dir='ltr'><strong>sq..</strong></span> <span class='ocrx_word' id='word_1_230' title='bbox 2955 2982 3092 3040; x_wconf 71' lang='lat' dir='ltr'><strong>Zach.</strong></span> 
     </span>
     <span class='ocr_line' id='line_1_27' title="bbox 1091 3058 3090 3123; baseline -0.001 -14"><span class='ocrx_word' id='word_1_231' title='bbox 1091 3062 1136 3119; x_wconf 82' lang='lat'><strong>9,</strong></span> <span class='ocrx_word' id='word_1_232' title='bbox 1170 3062 1200 3109; x_wconf 85' lang='lat'>9</span> <span class='ocrx_word' id='word_1_233' title='bbox 1311 3061 1368 3109; x_wconf 87' lang='grc'><strong>15</strong></span> <span class='ocrx_word' id='word_1_234' title='bbox 1402 3059 1559 3110; x_wconf 80' lang='lat' dir='ltr'><strong>Galat.</strong></span> <span class='ocrx_word' id='word_1_235' title='bbox 1596 3062 1637 3117; x_wconf 87' lang='lat'><strong>1,</strong></span> <span class='ocrx_word' id='word_1_236' title='bbox 1673 3061 1733 3109; x_wconf 87' lang='lat'><strong>14</strong></span> <span class='ocrx_word' id='word_1_237' title='bbox 1766 3058 1882 3109; x_wconf 86' lang='lat' dir='ltr'><strong>Gen.</strong></span> <span class='ocrx_word' id='word_1_238' title='bbox 1916 3060 1992 3115; x_wconf 88' lang='lat'><strong>43.</strong></span> <span class='ocrx_word' id='word_1_239' title='bbox 2030 3061 2052 3108; x_wconf 95' lang='lat'>1</span> <span class='ocrx_word' id='word_1_240' title='bbox 2182 3061 2238 3107; x_wconf 87' lang='lat'><strong>16</strong></span> <span class='ocrx_word' id='word_1_241' title='bbox 2273 3059 2389 3108; x_wconf 83' lang='lat' dir='ltr'><strong>Gen.</strong></span> <span class='ocrx_word' id='word_1_242' title='bbox 2424 3061 2502 3115; x_wconf 84' lang='lat'><strong>43.</strong></span> <span class='ocrx_word' id='word_1_243' title='bbox 2538 3063 2565 3109; x_wconf 93' lang='grc'><strong>7</strong></span> <span class='ocrx_word' id='word_1_244' title='bbox 2596 3075 2668 3123; x_wconf 73' lang='lat' dir='ltr'><strong>sq.</strong></span> <span class='ocrx_word' id='word_1_245' title='bbox 2784 3062 2840 3108; x_wconf 95' lang='grc'><strong>17</strong></span> <span class='ocrx_word' id='word_1_246' title='bbox 2876 3061 2936 3109; x_wconf 84' lang='lat' dir='ltr'><strong>cf.</strong></span> <span class='ocrx_word' id='word_1_247' title='bbox 2972 3060 3090 3110; x_wconf 83' lang='lat' dir='ltr'><strong>Gen.</strong></span> 
     </span>
     <span class='ocr_line' id='line_1_28' title="bbox 1090 3138 2709 3201; baseline 0 -14"><span class='ocrx_word' id='word_1_248' title='bbox 1090 3139 1169 3197; x_wconf 84' lang='lat'><strong>29,</strong></span> <span class='ocrx_word' id='word_1_249' title='bbox 1201 3140 1271 3187; x_wconf 81' lang='grc'><strong>32</strong></span> <span class='ocrx_word' id='word_1_250' title='bbox 1293 3138 1433 3187; x_wconf 83' lang='lat' dir='ltr'><strong>Philo</strong></span> <span class='ocrx_word' id='word_1_251' title='bbox 1467 3139 1527 3187; x_wconf 86' lang='lat' dir='ltr'><strong>de</strong></span> <span class='ocrx_word' id='word_1_252' title='bbox 1559 3139 1754 3187; x_wconf 84' lang='lat' dir='ltr'><strong>somniis</strong></span> <span class='ocrx_word' id='word_1_253' title='bbox 1784 3138 1809 3186; x_wconf 95' lang='lat'>1</span> <span class='ocrx_word' id='word_1_254' title='bbox 1841 3139 1869 3187; x_wconf 92' lang='grc'><strong>7</strong></span> <span class='ocrx_word' id='word_1_255' title='bbox 1903 3138 1946 3201; x_wconf 88' lang='grc' dir='ltr'><strong>(Ι</strong></span> <span class='ocrx_word' id='word_1_256' title='bbox 1980 3138 2086 3196; x_wconf 89' lang='grc'><strong>626,</strong></span> <span class='ocrx_word' id='word_1_257' title='bbox 2120 3140 2197 3196; x_wconf 91' lang='grc'><strong>17)</strong></span> <span class='ocrx_word' id='word_1_258' title='bbox 2294 3139 2350 3186; x_wconf 89' lang='grc'><strong>21</strong></span> <span class='ocrx_word' id='word_1_259' title='bbox 2389 3138 2507 3189; x_wconf 85' lang='lat' dir='ltr'><strong>Gen.</strong></span> <span class='ocrx_word' id='word_1_260' title='bbox 2539 3139 2615 3195; x_wconf 85' lang='lat'><strong>43,</strong></span> <span class='ocrx_word' id='word_1_261' title='bbox 2652 3139 2709 3187; x_wconf 92' lang='grc'><strong>10</strong></span> 
     </span>
    </p>
   </div>
   <div class='ocr_carea' id='block_1_4' title="bbox 1090 3242 3096 3836">
    <p class='ocr_par' dir='ltr' id='par_1_5' title="bbox 1090 3242 3094 3570">
     <span class='ocr_line' id='line_1_29' title="bbox 1160 3242 3092 3330; baseline 0 -9"><span class='ocrx_word' id='word_1_262' title='bbox 1160 3273 1181 3321; x_wconf 92' lang='lat'>1</span> <span class='ocrx_word' id='word_1_263' title='bbox 1218 3274 1471 3321; x_wconf 80' lang='lat' dir='ltr'><strong>arcessitus</strong></span> <span class='ocrx_word' id='word_1_264' title='bbox 1503 3271 1650 3321; x_wconf 88' lang='lat' dir='ltr'><strong>RVO</strong></span> <span class='ocrx_word' id='word_1_265' title='bbox 1681 3242 1933 3327; x_wconf 60' lang='lat' dir='ltr'><strong>a;cersitus</strong></span> <span class='ocrx_word' id='word_1_266' title='bbox 1964 3271 2014 3319; x_wconf 91' lang='lat' dir='ltr'><em>P</em></span> <span class='ocrx_word' id='word_1_267' title='bbox 2045 3275 2090 3330; x_wconf 88' lang='lat' dir='ltr'><strong>(c</strong></span> <span class='ocrx_word' id='word_1_268' title='bbox 2119 3286 2157 3320; x_wconf 79' lang='grc' dir='ltr'><strong>ε.</strong></span> <span class='ocrx_word' id='word_1_269' title='bbox 2190 3287 2236 3319; x_wconf 77' lang='lat' dir='ltr'><strong>u.</strong></span> <span class='ocrx_word' id='word_1_270' title='bbox 2270 3275 2369 3330; x_wconf 78' lang='lat' dir='ltr'><strong>m2)</strong></span> <span class='ocrx_word' id='word_1_271' title='bbox 2407 3273 2661 3320; x_wconf 70' lang='lat' dir='ltr'><strong>accersitus</strong></span> <span class='ocrx_word' id='word_1_272' title='bbox 2693 3278 2778 3320; x_wconf 78' lang='lat' dir='ltr'><strong>cet.</strong></span> <span class='ocrx_word' id='word_1_273' title='bbox 2935 3272 3092 3321; x_wconf 84' lang='lat' dir='ltr'><strong>uberi·</strong></span> 
     </span>
     <span class='ocr_line' id='line_1_30' title="bbox 1093 3348 3092 3413; baseline -0.001 -14"><span class='ocrx_word' id='word_1_274' title='bbox 1093 3365 1222 3399; x_wconf 87' lang='lat' dir='ltr'><strong>orem</strong></span> <span class='ocrx_word' id='word_1_275' title='bbox 1252 3350 1361 3398; x_wconf 78' lang='lat' dir='ltr'><strong>NV</strong></span> <span class='ocrx_word' id='word_1_276' title='bbox 1386 3351 1672 3413; x_wconf 80' lang='lat' dir='ltr'><strong>superiorem</strong></span> <span class='ocrx_word' id='word_1_277' title='bbox 1705 3354 1788 3400; x_wconf 76' lang='lat' dir='ltr'><strong>cet.</strong></span> <span class='ocrx_word' id='word_1_278' title='bbox 1900 3351 1929 3398; x_wconf 88' lang='lat'>5</span> <span class='ocrx_word' id='word_1_279' title='bbox 1961 3350 2132 3397; x_wconf 85' lang='lat' dir='ltr'><strong>uocaui</strong></span> <span class='ocrx_word' id='word_1_280' title='bbox 2164 3348 2213 3396; x_wconf 93' lang='grc' dir='ltr'><strong><em>Β</em></strong></span> <span class='ocrx_word' id='word_1_281' title='bbox 2243 3349 2279 3412; x_wconf 93' lang='lat' dir='ltr'><strong>(i</strong></span> <span class='ocrx_word' id='word_1_282' title='bbox 2312 3365 2370 3397; x_wconf 80' lang='lat' dir='ltr'><strong>ex</strong></span> <span class='ocrx_word' id='word_1_283' title='bbox 2403 3351 2446 3410; x_wconf 92' lang='lat' dir='ltr'><strong>o)</strong></span> <span class='ocrx_word' id='word_1_284' title='bbox 2559 3351 2588 3397; x_wconf 85' lang='grc'><strong>6</strong></span> <span class='ocrx_word' id='word_1_285' title='bbox 2620 3351 2858 3398; x_wconf 85' lang='lat' dir='ltr'><strong>senissent</strong></span> <span class='ocrx_word' id='word_1_286' title='bbox 2888 3351 2937 3398; x_wconf 98' lang='grc' dir='ltr'><strong><em>Β</em></strong></span> <span class='ocrx_word' id='word_1_287' title='bbox 2969 3351 3008 3410; x_wconf 84' lang='lat' dir='ltr'><strong>(i</strong></span> <span class='ocrx_word' id='word_1_288' title='bbox 3040 3351 3092 3398; x_wconf 74' lang='lat' dir='ltr'><strong>in</strong></span> 
     </span>
     <span class='ocr_line' id='line_1_31' title="bbox 1090 3426 3092 3490; baseline -0.001 -11"><span class='ocrx_word' id='word_1_289' title='bbox 1090 3433 1209 3489; x_wconf 79' lang='lat' dir='ltr'><strong>ras.)</strong></span> <span class='ocrx_word' id='word_1_290' title='bbox 1307 3431 1335 3478; x_wconf 92' lang='grc'><strong>7</strong></span> <span class='ocrx_word' id='word_1_291' title='bbox 1370 3429 1594 3478; x_wconf 85' lang='lat' dir='ltr'><strong>credebat</strong></span> <span class='ocrx_word' id='word_1_292' title='bbox 1625 3444 1729 3477; x_wconf 84' lang='lat' dir='ltr'><strong>esse</strong></span> <span class='ocrx_word' id='word_1_293' title='bbox 1763 3430 1817 3476; x_wconf 85' lang='lat' dir='ltr'><em>N</em></span> <span class='ocrx_word' id='word_1_294' title='bbox 1907 3429 1936 3476; x_wconf 87' lang='lat'>9</span> <span class='ocrx_word' id='word_1_295' title='bbox 1971 3426 2245 3476; x_wconf 88' lang='lat' dir='ltr'><strong>detulerunt</strong></span> <span class='ocrx_word' id='word_1_296' title='bbox 2275 3429 2332 3477; x_wconf 85' lang='lat' dir='ltr'><strong><em>N</em></strong></span> <span class='ocrx_word' id='word_1_297' title='bbox 2337 3428 2437 3476; x_wconf 82' lang='lat' dir='ltr'><strong>VP&#39;</strong></span> <span class='ocrx_word' id='word_1_298' title='bbox 2536 3430 2590 3477; x_wconf 91' lang='lat'><strong>11</strong></span> <span class='ocrx_word' id='word_1_299' title='bbox 2626 3428 2743 3476; x_wconf 86' lang='lat' dir='ltr'><strong>fides</strong></span> <span class='ocrx_word' id='word_1_300' title='bbox 2775 3430 2822 3477; x_wconf 89' lang='lat' dir='ltr'><em>B</em></span> <span class='ocrx_word' id='word_1_301' title='bbox 2855 3431 2925 3490; x_wconf 85' lang='lat' dir='ltr'><strong>(es</strong></span> <span class='ocrx_word' id='word_1_302' title='bbox 2950 3444 3009 3478; x_wconf 77' lang='lat' dir='ltr'><strong>ex</strong></span> <span class='ocrx_word' id='word_1_303' title='bbox 3029 3430 3092 3488; x_wconf 87' lang='lat' dir='ltr'><strong>is)</strong></span> 
     </span>
     <span class='ocr_line' id='line_1_32' title="bbox 1095 3506 3094 3570; baseline -0.002 -13"><span class='ocrx_word' id='word_1_304' title='bbox 1095 3509 1154 3557; x_wconf 83' lang='lat'><strong>12</strong></span> <span class='ocrx_word' id='word_1_305' title='bbox 1186 3512 1297 3556; x_wconf 87' lang='lat' dir='ltr'><strong>ante</strong></span> <span class='ocrx_word' id='word_1_306' title='bbox 1329 3522 1418 3556; x_wconf 86' lang='lat' dir='ltr'><strong>om.</strong></span> <span class='ocrx_word' id='word_1_307' title='bbox 1452 3507 1520 3555; x_wconf 79' lang='lat' dir='ltr'><strong>N‘</strong></span> <span class='ocrx_word' id='word_1_308' title='bbox 1631 3509 1688 3556; x_wconf 88' lang='lat'><strong>13</strong></span> <span class='ocrx_word' id='word_1_309' title='bbox 1720 3507 1770 3555; x_wconf 89' lang='lat' dir='ltr'><strong>in</strong></span> <span class='ocrx_word' id='word_1_310' title='bbox 1801 3509 2006 3570; x_wconf 70' lang='lat' dir='ltr'><strong>gratiarii</strong></span> <span class='ocrx_word' id='word_1_311' title='bbox 2038 3506 2087 3554; x_wconf 93' lang='grc' dir='ltr'><strong><em>Β</em></strong></span> <span class='ocrx_word' id='word_1_312' title='bbox 2118 3521 2203 3569; x_wconf 87' lang='lat' dir='ltr'><strong>per</strong></span> <span class='ocrx_word' id='word_1_313' title='bbox 2233 3507 2437 3569; x_wconf 81' lang='lat' dir='ltr'><strong>gratiam</strong></span> <span class='ocrx_word' id='word_1_314' title='bbox 2469 3507 2576 3556; x_wconf 86' lang='lat' dir='ltr'><strong>NV</strong></span> <span class='ocrx_word' id='word_1_315' title='bbox 2677 3507 2734 3555; x_wconf 91' lang='grc'><strong>14</strong></span> <span class='ocrx_word' id='word_1_316' title='bbox 2765 3506 3015 3555; x_wconf 80' lang='lat' dir='ltr'><strong>beniamen</strong></span> <span class='ocrx_word' id='word_1_317' title='bbox 3045 3507 3094 3554; x_wconf 91' lang='grc' dir='ltr'><strong><em>Β</em></strong></span> 
     </span>
    </p>

    <p class='ocr_par' dir='ltr' id='par_1_6' title="bbox 1097 3585 3092 3729">
     <span class='ocr_line' id='line_1_33' title="bbox 1157 3585 3092 3648; baseline 0 -14"><span class='ocrx_word' id='word_1_318' title='bbox 1157 3586 1448 3635; x_wconf 80' lang='lat' dir='ltr'><strong>adhaerebat</strong></span> <span class='ocrx_word' id='word_1_319' title='bbox 1476 3585 1534 3634; x_wconf 78' lang='lat' dir='ltr'><strong><em>N</em></strong></span> <span class='ocrx_word' id='word_1_320' title='bbox 1688 3588 1744 3636; x_wconf 88' lang='grc'><strong>16</strong></span> <span class='ocrx_word' id='word_1_321' title='bbox 1777 3586 1921 3634; x_wconf 87' lang='lat' dir='ltr'><strong>roben</strong></span> <span class='ocrx_word' id='word_1_322' title='bbox 1954 3587 2003 3634; x_wconf 92' lang='grc' dir='ltr'><strong><em>Β</em></strong></span> <span class='ocrx_word' id='word_1_323' title='bbox 2037 3591 2085 3644; x_wconf 82' lang='lat' dir='ltr'><strong>(v</strong></span> <span class='ocrx_word' id='word_1_324' title='bbox 2116 3601 2156 3634; x_wconf 78' lang='grc' dir='ltr'><strong>ε.</strong></span> <span class='ocrx_word' id='word_1_325' title='bbox 2190 3601 2216 3634; x_wconf 93' lang='lat' dir='ltr'><strong>o</strong></span> <span class='ocrx_word' id='word_1_326' title='bbox 2249 3586 2348 3646; x_wconf 69' lang='lat'>¹212)</span> <span class='ocrx_word' id='word_1_327' title='bbox 2440 3601 2443 3604; x_wconf 66' lang='grc'>’</span> <span class='ocrx_word' id='word_1_328' title='bbox 2531 3587 2586 3634; x_wconf 95' lang='grc'><strong>17</strong></span> <span class='ocrx_word' id='word_1_329' title='bbox 2621 3588 2739 3648; x_wconf 87' lang='lat' dir='ltr'><strong>aput</strong></span> <span class='ocrx_word' id='word_1_330' title='bbox 2768 3586 2817 3634; x_wconf 95' lang='grc' dir='ltr'><strong><em>Β</em></strong></span> <span class='ocrx_word' id='word_1_331' title='bbox 2849 3585 2977 3647; x_wconf 83' lang='lat' dir='ltr'><strong>apud</strong></span> <span class='ocrx_word' id='word_1_332' title='bbox 3008 3591 3092 3634; x_wconf 80' lang='lat' dir='ltr'><strong>cet.</strong></span> 
     </span>
     <span class='ocr_line' id='line_1_34' title="bbox 1097 3664 3091 3729; baseline -0.001 -15"><span class='ocrx_word' id='word_1_333' title='bbox 1097 3667 1154 3714; x_wconf 87' lang='grc'><strong>19</strong></span> <span class='ocrx_word' id='word_1_334' title='bbox 1186 3666 1417 3729; x_wconf 85' lang='lat' dir='ltr'><strong>primitiui</strong></span> <span class='ocrx_word' id='word_1_335' title='bbox 1456 3664 1497 3714; x_wconf 86' lang='lat'><em>0</em></span> <span class='ocrx_word' id='word_1_336' title='bbox 1529 3665 1644 3713; x_wconf 75' lang='lat' dir='ltr'><strong><em>libri</em></strong></span> <span class='ocrx_word' id='word_1_337' title='bbox 1679 3680 1718 3715; x_wconf 76' lang='lat' dir='ltr'><strong>a.</strong></span> <span class='ocrx_word' id='word_1_338' title='bbox 1765 3664 2025 3726; x_wconf 76' lang='lat' dir='ltr'><strong>Ebulphri,</strong></span> <span class='ocrx_word' id='word_1_339' title='bbox 2064 3679 2103 3714; x_wconf 77' lang='lat' dir='ltr'><strong>s.</strong></span> <span class='ocrx_word' id='word_1_340' title='bbox 2135 3664 2413 3721; x_wconf 74' lang='lat' dir='ltr'><strong>Michaelis,</strong></span> <span class='ocrx_word' id='word_1_341' title='bbox 2452 3679 2489 3713; x_wconf 79' lang='lat' dir='ltr'><strong>s.</strong></span> <span class='ocrx_word' id='word_1_342' title='bbox 2525 3665 2700 3713; x_wconf 75' lang='lat' dir='ltr'><strong><em>Albim·</em></strong></span> <span class='ocrx_word' id='word_1_343' title='bbox 2732 3664 2975 3726; x_wconf 80' lang='lat' dir='ltr'><strong>primitius</strong></span> <span class='ocrx_word' id='word_1_344' title='bbox 3007 3669 3091 3713; x_wconf 78' lang='lat' dir='ltr'><strong>cet.</strong></span> 
     </span>
    </p>

    <p class='ocr_par' dir='ltr' id='par_1_7' title="bbox 1157 3742 3096 3836">
     <span class='ocr_line' id='line_1_35' title="bbox 1157 3742 3096 3836; baseline -0.001 -44"><span class='ocrx_word' id='word_1_345' title='bbox 1157 3744 1422 3792; x_wconf 76' lang='lat' dir='ltr'><strong>resuscitat·</strong></span> <span class='ocrx_word' id='word_1_346' title='bbox 1441 3743 1584 3793; x_wconf 79' lang='lat' dir='ltr'><em>P&#39;P“</em></span> <span class='ocrx_word' id='word_1_347' title='bbox 1615 3743 1903 3792; x_wconf 70' lang='lat' dir='ltr'><strong>resuscitato</strong></span> <span class='ocrx_word' id='word_1_348' title='bbox 1935 3744 1994 3794; x_wconf 61' lang='lat' dir='ltr'>W</span> <span class='ocrx_word' id='word_1_349' title='bbox 2028 3747 2078 3801; x_wconf 78' lang='lat' dir='ltr'><strong>(u</strong></span> <span class='ocrx_word' id='word_1_350' title='bbox 2110 3746 2194 3790; x_wconf 80' lang='lat' dir='ltr'><strong>m2</strong></span> <span class='ocrx_word' id='word_1_351' title='bbox 2225 3757 2284 3791; x_wconf 81' lang='lat' dir='ltr'><strong>ex</strong></span> <span class='ocrx_word' id='word_1_352' title='bbox 2315 3742 2350 3801; x_wconf 87' lang='lat' dir='ltr'><strong>i)</strong></span> <span class='ocrx_word' id='word_1_353' title='bbox 2384 3742 2563 3793; x_wconf 60' lang='lat' dir='ltr'><strong>ar‘ET</strong></span> <span class='ocrx_word' id='word_1_354' title='bbox 2700 3742 2940 3836; x_wconf 47' lang='lat' dir='ltr'><strong>diducitur</strong></span> <span class='ocrx_word' id='word_1_355' title='bbox 2970 3744 3019 3791; x_wconf 92' lang='grc' dir='ltr'><strong><em>Β</em></strong></span> <span class='ocrx_word' id='word_1_356' title='bbox 3049 3748 3096 3791; x_wconf 76' lang='lat' dir='ltr'><strong>et</strong></span> 
     </span>
    </p>
   </div>
   <div class='ocr_carea' id='block_1_5' title="bbox 1094 3814 3096 3984">
    <p class='ocr_par' dir='ltr' id='par_1_8' title="bbox 1094 3814 3096 3984">
     <span class='ocr_line' id='line_1_36' title="bbox 1097 3814 3096 3911; baseline -0.002 -16"><span class='ocrx_word' id='word_1_357' title='bbox 1097 3851 1238 3906; x_wconf 82' lang='lat' dir='ltr'><strong>(corr.</strong></span> <span class='ocrx_word' id='word_1_358' title='bbox 1271 3848 1372 3904; x_wconf 78' lang='lat' dir='ltr'><strong>m2)</strong></span> <span class='ocrx_word' id='word_1_359' title='bbox 1399 3845 1449 3893; x_wconf 91' lang='lat' dir='ltr'><strong><em>P</em></strong></span> <span class='ocrx_word' id='word_1_360' title='bbox 1507 3845 1568 3894; x_wconf 87' lang='grc'><strong>20</strong></span> <span class='ocrx_word' id='word_1_361' title='bbox 1599 3845 1738 3893; x_wconf 85' lang='lat' dir='ltr'><strong>bonis</strong></span> <span class='ocrx_word' id='word_1_362' title='bbox 1774 3845 1809 3903; x_wconf 86' lang='lat' dir='ltr'><strong>(i</strong></span> <span class='ocrx_word' id='word_1_363' title='bbox 1834 3859 1894 3893; x_wconf 77' lang='lat' dir='ltr'><strong>ex</strong></span> <span class='ocrx_word' id='word_1_364' title='bbox 1918 3848 1972 3911; x_wconf 65' lang='lat' dir='ltr'><strong>u)⁴</strong></span> <span class='ocrx_word' id='word_1_365' title='bbox 1993 3845 2091 3893; x_wconf 88' lang='grc' dir='ltr'><strong>ΒΡ</strong></span> <span class='ocrx_word' id='word_1_366' title='bbox 2151 3847 2212 3893; x_wconf 88' lang='grc'><strong>24</strong></span> <span class='ocrx_word' id='word_1_367' title='bbox 2237 3844 2398 3905; x_wconf 86' lang='lat' dir='ltr'><strong>aliqua</strong></span> <span class='ocrx_word' id='word_1_368' title='bbox 2423 3844 2680 3893; x_wconf 85' lang='lat' dir='ltr'><strong>acerbitate</strong></span> <span class='ocrx_word' id='word_1_369' title='bbox 2707 3845 2773 3891; x_wconf 78' lang='lat' dir='ltr'><strong>N‘</strong></span> <span class='ocrx_word' id='word_1_370' title='bbox 2797 3846 2980 3907; x_wconf 86' lang='lat' dir='ltr'><strong>(aliqua</strong></span> <span class='ocrx_word' id='word_1_371' title='bbox 3000 3814 3096 3893; x_wconf 45' lang='lat' dir='ltr'><strong>sitae</strong></span> 
     </span>
     <span class='ocr_line' id='line_1_37' title="bbox 1094 3922 3094 3984; baseline 0 -11"><span class='ocrx_word' id='word_1_372' title='bbox 1094 3925 1170 3983; x_wconf 58' lang='lat' dir='ltr'><strong>w,</strong></span> <span class='ocrx_word' id='word_1_373' title='bbox 1202 3925 1234 3973; x_wconf 89' lang='lat' dir='ltr'>b</span> <span class='ocrx_word' id='word_1_374' title='bbox 1269 3939 1298 3972; x_wconf 84' lang='lat' dir='ltr'><strong>a</strong></span> <span class='ocrx_word' id='word_1_375' title='bbox 1328 3940 1390 3973; x_wconf 86' lang='lat' dir='ltr'><strong>m.</strong></span> <span class='ocrx_word' id='word_1_376' title='bbox 1425 3927 1548 3981; x_wconf 74' lang='lat' dir='ltr'><strong>ant.)</strong></span> <span class='ocrx_word' id='word_1_377' title='bbox 1724 3924 1986 3971; x_wconf 71' lang='lat' dir='ltr'><strong>acer-nitate</strong></span> <span class='ocrx_word' id='word_1_378' title='bbox 2022 3923 2123 3970; x_wconf 89' lang='lat' dir='ltr'><strong>BV</strong></span> <span class='ocrx_word' id='word_1_379' title='bbox 2150 3928 2195 3971; x_wconf 82' lang='lat' dir='ltr'><strong>et</strong></span> <span class='ocrx_word' id='word_1_380' title='bbox 2228 3927 2368 3983; x_wconf 82' lang='lat' dir='ltr'><strong>(corr.</strong></span> <span class='ocrx_word' id='word_1_381' title='bbox 2403 3924 2495 3984; x_wconf 78' lang='lat' dir='ltr'><strong>ml)</strong></span> <span class='ocrx_word' id='word_1_382' title='bbox 2530 3924 2575 3970; x_wconf 89' lang='lat' dir='ltr'><em>P</em></span> <span class='ocrx_word' id='word_1_383' title='bbox 2608 3928 2749 3979; x_wconf 84' lang='lat' dir='ltr'><strong>(corr.</strong></span> <span class='ocrx_word' id='word_1_384' title='bbox 2784 3940 2840 3970; x_wconf 85' lang='lat' dir='ltr'><strong>m.</strong></span> <span class='ocrx_word' id='word_1_385' title='bbox 2877 3928 3000 3983; x_wconf 74' lang='grc' dir='ltr'>αηι.)</span> <span class='ocrx_word' id='word_1_386' title='bbox 3035 3922 3094 3974; x_wconf 69' lang='lat'><strong>91⁴</strong></span> 
     </span>
    </p>
   </div>
  </div>
 </body>
</html>
