<?xml version="1.0" encoding="UTF-8"?>
<!DOCTYPE html PUBLIC "-//W3C//DTD XHTML 1.0 Transitional//EN"
    "http://www.w3.org/TR/xhtml1/DTD/xhtml1-transitional.dtd">
<html xmlns="http://www.w3.org/1999/xhtml" xml:lang="en" lang="en">
 <head>
  <title>
</title>
<meta http-equiv="Content-Type" content="text/html;charset=utf-8" />
  <meta name='ocr-system' content='tesseract 3.04.00' />
  <meta name='ocr-capabilities' content='ocr_page ocr_carea ocr_par ocr_line ocrx_word'/>
</head>
<body>
  <div class='ocr_page' id='page_1' title='image "./sanctiambrosiio03petsgoog_0240.png"; bbox 0 0 4242 4694; ppageno 0'>
   <div class='ocr_carea' id='block_1_1' title="bbox 1123 489 2296 548">
    <p class='ocr_par' dir='ltr' id='par_1_1' title="bbox 1123 489 2296 548">
     <span class='ocr_line' id='line_1_1' title="bbox 1123 489 2296 548; baseline -0.011 0"><span class='ocrx_word' id='word_1_1' title='bbox 1123 491 1235 548; x_wconf 88' lang='grc'><strong>182</strong></span> <span class='ocrx_word' id='word_1_2' title='bbox 1950 489 2296 537; x_wconf 78' lang='lat' dir='ltr'>Ambrosii</span> 
     </span>
    </p>
   </div>
   <div class='ocr_carea' id='block_1_2' title="bbox 1033 660 3288 2531">
    <p class='ocr_par' dir='ltr' id='par_1_2' title="bbox 1033 660 3288 2531">
     <span class='ocr_line' id='line_1_2' title="bbox 1119 660 3144 734; baseline 0 -15"><span class='ocrx_word' id='word_1_3' title='bbox 1119 661 1405 734; x_wconf 86' lang='lat' dir='ltr'><strong>profectus</strong></span> <span class='ocrx_word' id='word_1_4' title='bbox 1444 662 1611 720; x_wconf 82' lang='lat' dir='ltr'>Iacob</span> <span class='ocrx_word' id='word_1_5' title='bbox 1654 662 1909 734; x_wconf 87' lang='lat' dir='ltr'><strong>copulam</strong></span> <span class='ocrx_word' id='word_1_6' title='bbox 1951 660 2058 717; x_wconf 85' lang='lat' dir='ltr'><strong>sibi</strong></span> <span class='ocrx_word' id='word_1_7' title='bbox 2100 660 2406 733; x_wconf 87' lang='lat' dir='ltr'><strong>adquisiuit</strong></span> <span class='ocrx_word' id='word_1_8' title='bbox 2445 660 2511 717; x_wconf 88' lang='lat' dir='ltr'><strong>de</strong></span> <span class='ocrx_word' id='word_1_9' title='bbox 2554 660 2832 734; x_wconf 85' lang='lat' dir='ltr'><strong>sapientia</strong></span> <span class='ocrx_word' id='word_1_10' title='bbox 2870 665 3144 721; x_wconf 78' lang='lat' dir='ltr'><strong>consorte</strong></span> 
     </span>
     <span class='ocr_line' id='line_1_3' title="bbox 1120 755 3147 832; baseline 0.001 -19"><span class='ocrx_word' id='word_1_11' title='bbox 1120 756 1394 830; x_wconf 77' lang='lat' dir='ltr'><strong>propositi</strong></span> <span class='ocrx_word' id='word_1_12' title='bbox 1442 757 1684 829; x_wconf 84' lang='lat' dir='ltr'><strong>opimam</strong></span> <span class='ocrx_word' id='word_1_13' title='bbox 1735 756 1864 814; x_wconf 89' lang='lat' dir='ltr'><strong>dote</strong></span> <span class='ocrx_word' id='word_1_14' title='bbox 1920 755 2262 828; x_wconf 84' lang='lat' dir='ltr'><strong>prudentiae,</strong></span> <span class='ocrx_word' id='word_1_15' title='bbox 2319 772 2444 812; x_wconf 84' lang='lat' dir='ltr'><strong>cum</strong></span> <span class='ocrx_word' id='word_1_16' title='bbox 2505 772 2614 828; x_wconf 89' lang='lat' dir='ltr'><strong>qua</strong></span> <span class='ocrx_word' id='word_1_17' title='bbox 2668 756 2820 812; x_wconf 81' lang='lat' dir='ltr'><strong>uitae</strong></span> <span class='ocrx_word' id='word_1_18' title='bbox 2876 758 3147 832; x_wconf 87' lang='lat' dir='ltr'><strong>tempora</strong></span> 
     </span>
     <span class='ocr_line' id='line_1_4' title="bbox 1122 848 3141 924; baseline 0.001 -17"><span class='ocrx_word' id='word_1_19' title='bbox 1122 851 1241 907; x_wconf 91' lang='lat' dir='ltr'><strong>sine</strong></span> <span class='ocrx_word' id='word_1_20' title='bbox 1302 851 1419 907; x_wconf 91' lang='lat' dir='ltr'><strong>ulla</strong></span> <span class='ocrx_word' id='word_1_21' title='bbox 1483 849 1783 908; x_wconf 88' lang='lat' dir='ltr'><strong>offensione</strong></span> <span class='ocrx_word' id='word_1_22' title='bbox 1849 851 2265 907; x_wconf 81' lang='lat' dir='ltr'><strong>transcurreret.</strong></span> <span class='ocrx_word' id='word_1_23' title='bbox 2332 848 2521 906; x_wconf 85' lang='lat' dir='ltr'><strong>addito</strong></span> <span class='ocrx_word' id='word_1_24' title='bbox 2586 850 2764 924; x_wconf 87' lang='lat' dir='ltr'><strong>igitur</strong></span> <span class='ocrx_word' id='word_1_25' title='bbox 2823 849 3141 910; x_wconf 78' lang='lat' dir='ltr'><strong>thensauro</strong></span> 
     </span>
     <span class='ocr_line' id='line_1_5' title="bbox 1124 943 3142 1017; baseline 0 -16"><span class='ocrx_word' id='word_1_26' title='bbox 1124 944 1428 1017; x_wconf 81' lang='lat' dir='ltr'><strong>sapientiae</strong></span> <span class='ocrx_word' id='word_1_27' title='bbox 1485 945 1763 1001; x_wconf 86' lang='lat' dir='ltr'><strong>uariarum</strong></span> <span class='ocrx_word' id='word_1_28' title='bbox 1824 944 2017 1001; x_wconf 88' lang='lat' dir='ltr'><strong>ouium</strong></span> <span class='ocrx_word' id='word_1_29' title='bbox 2068 944 2176 1001; x_wconf 89' lang='lat' dir='ltr'><strong>sibi</strong></span> <span class='ocrx_word' id='word_1_30' title='bbox 2223 944 2470 1001; x_wconf 89' lang='lat' dir='ltr'><strong>instituit</strong></span> <span class='ocrx_word' id='word_1_31' title='bbox 2517 960 2763 1017; x_wconf 80' lang='lat' dir='ltr'><strong>gregem,</strong></span> <span class='ocrx_word' id='word_1_32' title='bbox 2816 943 2919 1001; x_wconf 88' lang='lat' dir='ltr'><strong>sed</strong></span> <span class='ocrx_word' id='word_1_33' title='bbox 2968 944 3142 1002; x_wconf 91' lang='lat' dir='ltr'><strong>illum</strong></span> 
     </span>
     <span class='ocr_line' id='line_1_6' title="bbox 1121 1037 3220 1111; baseline 0 -15"><span class='ocrx_word' id='word_1_34' title='bbox 1121 1038 1525 1104; x_wconf 84' lang='lat' dir='ltr'><strong>rationabilem,</strong></span> <span class='ocrx_word' id='word_1_35' title='bbox 1560 1038 1833 1095; x_wconf 85' lang='lat' dir='ltr'><strong>uirtutum</strong></span> <span class='ocrx_word' id='word_1_36' title='bbox 1865 1038 2231 1111; x_wconf 83' lang='lat' dir='ltr'><strong>plurimarum</strong></span> <span class='ocrx_word' id='word_1_37' title='bbox 2262 1037 2588 1096; x_wconf 85' lang='lat' dir='ltr'><strong>diuersitate</strong></span> <span class='ocrx_word' id='word_1_38' title='bbox 2620 1038 2954 1111; x_wconf 81' lang='lat' dir='ltr'><strong>fulgentem.</strong></span> <span class='ocrx_word' id='word_1_39' title='bbox 2990 1039 3144 1096; x_wconf 89' lang='lat' dir='ltr'><strong>unde</strong></span> <span class='ocrx_word' id='word_1_40' title='bbox 3196 1060 3220 1095; x_wconf 71' lang='grc' dir='ltr'><strong><em>ε</em></strong></span> 
     </span>
     <span class='ocr_line' id='line_1_7' title="bbox 1125 1131 3144 1206; baseline 0.001 -18"><span class='ocrx_word' id='word_1_41' title='bbox 1125 1135 1184 1189; x_wconf 88' lang='lat' dir='ltr'><strong>et</strong></span> <span class='ocrx_word' id='word_1_42' title='bbox 1214 1131 1534 1189; x_wconf 84' lang='lat' dir='ltr'><strong>iactantiam</strong></span> <span class='ocrx_word' id='word_1_43' title='bbox 1570 1131 1746 1188; x_wconf 87' lang='lat' dir='ltr'><strong>carnis</strong></span> <span class='ocrx_word' id='word_1_44' title='bbox 1783 1132 1904 1188; x_wconf 89' lang='lat' dir='ltr'><strong>eius</strong></span> <span class='ocrx_word' id='word_1_45' title='bbox 1936 1131 2151 1199; x_wconf 85' lang='lat' dir='ltr'><strong>recidit,</strong></span> <span class='ocrx_word' id='word_1_46' title='bbox 2186 1131 2335 1204; x_wconf 88' lang='lat' dir='ltr'><strong>quod</strong></span> <span class='ocrx_word' id='word_1_47' title='bbox 2367 1131 2647 1205; x_wconf 85' lang='lat' dir='ltr'><strong>significat</strong></span> <span class='ocrx_word' id='word_1_48' title='bbox 2677 1131 2907 1189; x_wconf 87' lang='lat' dir='ltr'><strong>femoris</strong></span> <span class='ocrx_word' id='word_1_49' title='bbox 2937 1135 3144 1206; x_wconf 86' lang='lat' dir='ltr'><strong>stupor</strong></span> 
     </span>
     <span class='ocr_line' id='line_1_8' title="bbox 1125 1223 3284 1299; baseline 0.001 -17"><span class='ocrx_word' id='word_1_50' title='bbox 1125 1226 1288 1282; x_wconf 89' lang='lat' dir='ltr'><strong>salua</strong></span> <span class='ocrx_word' id='word_1_51' title='bbox 1327 1226 1469 1283; x_wconf 86' lang='lat' dir='ltr'><strong>sacri</strong></span> <span class='ocrx_word' id='word_1_52' title='bbox 1511 1225 1966 1299; x_wconf 80' lang='lat' dir='ltr'><strong>interpretatione</strong></span> <span class='ocrx_word' id='word_1_53' title='bbox 2006 1225 2276 1299; x_wconf 85' lang='lat' dir='ltr'><strong>mysterii.</strong></span> <span class='ocrx_word' id='word_1_54' title='bbox 2318 1224 2406 1281; x_wconf 90' lang='lat' dir='ltr'><strong>his</strong></span> <span class='ocrx_word' id='word_1_55' title='bbox 2448 1241 2578 1299; x_wconf 88' lang='lat' dir='ltr'><strong>ergo</strong></span> <span class='ocrx_word' id='word_1_56' title='bbox 2621 1223 2933 1282; x_wconf 90' lang='lat' dir='ltr'><strong>uirtutibus</strong></span> <span class='ocrx_word' id='word_1_57' title='bbox 2977 1227 3147 1285; x_wconf 89' lang='lat' dir='ltr'><strong>uelut</strong></span> <span class='ocrx_word' id='word_1_58' title='bbox 3246 1228 3284 1275; x_wconf 84' lang='lat' dir='ltr'>D</span> 
     </span>
     <span class='ocr_line' id='line_1_9' title="bbox 1126 1319 3143 1394; baseline 0.001 -18"><span class='ocrx_word' id='word_1_59' title='bbox 1126 1319 1389 1394; x_wconf 85' lang='lat' dir='ltr'><strong>gradihus</strong></span> <span class='ocrx_word' id='word_1_60' title='bbox 1447 1319 1780 1393; x_wconf 86' lang='lat' dir='ltr'><strong>quibusdam</strong></span> <span class='ocrx_word' id='word_1_61' title='bbox 1837 1335 1994 1376; x_wconf 89' lang='lat' dir='ltr'><strong>mens</strong></span> <span class='ocrx_word' id='word_1_62' title='bbox 2053 1319 2172 1376; x_wconf 90' lang='lat' dir='ltr'><strong>eius</strong></span> <span class='ocrx_word' id='word_1_63' title='bbox 2230 1319 2482 1376; x_wconf 85' lang='lat' dir='ltr'><strong>ascendit</strong></span> <span class='ocrx_word' id='word_1_64' title='bbox 2535 1319 2590 1376; x_wconf 91' lang='lat' dir='ltr'><strong>in</strong></span> <span class='ocrx_word' id='word_1_65' title='bbox 2649 1319 2886 1387; x_wconf 85' lang='lat' dir='ltr'><strong>caelum,</strong></span> <span class='ocrx_word' id='word_1_66' title='bbox 2940 1324 3000 1377; x_wconf 91' lang='lat' dir='ltr'><strong>et</strong></span> <span class='ocrx_word' id='word_1_67' title='bbox 3049 1320 3143 1379; x_wconf 90' lang='lat' dir='ltr'><strong>dei</strong></span> 
     </span>
     <span class='ocr_line' id='line_1_10' title="bbox 1126 1413 3141 1487; baseline 0 -16"><span class='ocrx_word' id='word_1_68' title='bbox 1126 1417 1341 1471; x_wconf 88' lang='lat' dir='ltr'><strong>secreta</strong></span> <span class='ocrx_word' id='word_1_69' title='bbox 1397 1414 1665 1487; x_wconf 87' lang='lat' dir='ltr'><strong>cognouit</strong></span> <span class='ocrx_word' id='word_1_70' title='bbox 1719 1418 1775 1470; x_wconf 89' lang='lat' dir='ltr'><strong>et</strong></span> <span class='ocrx_word' id='word_1_71' title='bbox 1831 1413 2188 1471; x_wconf 85' lang='lat' dir='ltr'><strong>confirmatus</strong></span> <span class='ocrx_word' id='word_1_72' title='bbox 2246 1416 2334 1470; x_wconf 91' lang='lat' dir='ltr'><strong>est</strong></span> <span class='ocrx_word' id='word_1_73' title='bbox 2388 1416 2445 1471; x_wconf 88' lang='lat' dir='ltr'><strong>et</strong></span> <span class='ocrx_word' id='word_1_74' title='bbox 2499 1414 2764 1487; x_wconf 75' lang='lat' dir='ltr'><strong>repletae,</strong></span> <span class='ocrx_word' id='word_1_75' title='bbox 2822 1422 2889 1470; x_wconf 90' lang='lat' dir='ltr'><strong>ut</strong></span> <span class='ocrx_word' id='word_1_76' title='bbox 2946 1414 3141 1472; x_wconf 83' lang='lat' dir='ltr'><strong>Laban</strong></span> 
     </span>
     <span class='ocr_line' id='line_1_11' title="bbox 1126 1506 3220 1581; baseline 0 -15"><span class='ocrx_word' id='word_1_77' title='bbox 1126 1510 1379 1566; x_wconf 85' lang='lat' dir='ltr'><strong>scrutans</strong></span> <span class='ocrx_word' id='word_1_78' title='bbox 1438 1506 1664 1565; x_wconf 89' lang='lat' dir='ltr'><strong>domum</strong></span> <span class='ocrx_word' id='word_1_79' title='bbox 1721 1507 1842 1563; x_wconf 89' lang='lat' dir='ltr'><strong>eius</strong></span> <span class='ocrx_word' id='word_1_80' title='bbox 1898 1507 2038 1563; x_wconf 89' lang='lat' dir='ltr'><strong>nihil</strong></span> <span class='ocrx_word' id='word_1_81' title='bbox 2095 1506 2241 1581; x_wconf 87' lang='lat' dir='ltr'><strong>apud</strong></span> <span class='ocrx_word' id='word_1_82' title='bbox 2291 1523 2419 1563; x_wconf 89' lang='lat' dir='ltr'><strong>eum</strong></span> <span class='ocrx_word' id='word_1_83' title='bbox 2468 1506 2647 1576; x_wconf 83' lang='lat' dir='ltr'><strong>inane,</strong></span> <span class='ocrx_word' id='word_1_84' title='bbox 2696 1507 2838 1565; x_wconf 90' lang='lat' dir='ltr'><strong>nihil</strong></span> <span class='ocrx_word' id='word_1_85' title='bbox 2886 1525 3142 1567; x_wconf 82' lang='lat' dir='ltr'><strong>uacuum</strong></span> <span class='ocrx_word' id='word_1_86' title='bbox 3175 1532 3220 1567; x_wconf 80' lang='grc' dir='ltr'><strong>ιο</strong></span> 
     </span>
     <span class='ocr_line' id='line_1_12' title="bbox 1123 1599 3142 1676; baseline 0 -17"><span class='ocrx_word' id='word_1_87' title='bbox 1123 1601 1444 1676; x_wconf 83' lang='lat' dir='ltr'><strong>repperiret,</strong></span> <span class='ocrx_word' id='word_1_88' title='bbox 1480 1601 1633 1657; x_wconf 92' lang='lat' dir='ltr'><strong>nulla</strong></span> <span class='ocrx_word' id='word_1_89' title='bbox 1665 1600 1979 1669; x_wconf 86' lang='lat' dir='ltr'><strong>simulacra,</strong></span> <span class='ocrx_word' id='word_1_90' title='bbox 2011 1601 2220 1657; x_wconf 91' lang='lat' dir='ltr'><strong>nullam</strong></span> <span class='ocrx_word' id='word_1_91' title='bbox 2255 1599 2496 1674; x_wconf 88' lang='lat' dir='ltr'><strong>effigiem</strong></span> <span class='ocrx_word' id='word_1_92' title='bbox 2529 1602 2815 1659; x_wconf 78' lang='lat' dir='ltr'><strong>uanitatiS.</strong></span> <span class='ocrx_word' id='word_1_93' title='bbox 2851 1619 2964 1660; x_wconf 91' lang='lat' dir='ltr'><strong>non</strong></span> <span class='ocrx_word' id='word_1_94' title='bbox 2988 1603 3142 1660; x_wconf 88' lang='lat' dir='ltr'><strong>enim</strong></span> 
     </span>
     <span class='ocr_line' id='line_1_13' title="bbox 1127 1694 3144 1770; baseline 0.001 -18"><span class='ocrx_word' id='word_1_95' title='bbox 1127 1698 1244 1752; x_wconf 83' lang='lat' dir='ltr'><strong>erat</strong></span> <span class='ocrx_word' id='word_1_96' title='bbox 1284 1694 1431 1768; x_wconf 89' lang='lat' dir='ltr'><strong>apud</strong></span> <span class='ocrx_word' id='word_1_97' title='bbox 1472 1711 1600 1751; x_wconf 90' lang='lat' dir='ltr'><strong>eum</strong></span> <span class='ocrx_word' id='word_1_98' title='bbox 1642 1694 1846 1768; x_wconf 86' lang='lat' dir='ltr'><strong>imago.</strong></span> <span class='ocrx_word' id='word_1_99' title='bbox 1889 1694 1989 1752; x_wconf 86' lang='lat' dir='ltr'><strong>sed</strong></span> <span class='ocrx_word' id='word_1_100' title='bbox 2029 1694 2256 1763; x_wconf 88' lang='lat' dir='ltr'><strong>ueritas,</strong></span> <span class='ocrx_word' id='word_1_101' title='bbox 2295 1711 2404 1751; x_wconf 91' lang='lat' dir='ltr'><strong>non</strong></span> <span class='ocrx_word' id='word_1_102' title='bbox 2448 1694 2662 1769; x_wconf 87' lang='lat' dir='ltr'><strong>effigies</strong></span> <span class='ocrx_word' id='word_1_103' title='bbox 2703 1694 2986 1770; x_wconf 84' lang='lat' dir='ltr'><strong>ignauiae,</strong></span> <span class='ocrx_word' id='word_1_104' title='bbox 3037 1695 3144 1754; x_wconf 85' lang='lat' dir='ltr'><strong>sed</strong></span> 
     </span>
     <span class='ocr_line' id='line_1_14' title="bbox 1127 1788 3144 1865; baseline 0 -18"><span class='ocrx_word' id='word_1_105' title='bbox 1127 1789 1308 1848; x_wconf 85' lang='lat' dir='ltr'><strong>solida</strong></span> <span class='ocrx_word' id='word_1_106' title='bbox 1345 1789 1525 1846; x_wconf 86' lang='lat' dir='ltr'><strong>forma</strong></span> <span class='ocrx_word' id='word_1_107' title='bbox 1564 1789 1813 1845; x_wconf 84' lang='lat' dir='ltr'><strong>iustitiae</strong></span> <span class='ocrx_word' id='word_1_108' title='bbox 1856 1789 1913 1844; x_wconf 91' lang='lat' dir='ltr'><strong>et</strong></span> <span class='ocrx_word' id='word_1_109' title='bbox 1952 1788 2118 1845; x_wconf 88' lang='lat' dir='ltr'><strong>uiuae</strong></span> <span class='ocrx_word' id='word_1_110' title='bbox 2150 1788 2379 1845; x_wconf 85' lang='lat' dir='ltr'><strong>uirtutis</strong></span> <span class='ocrx_word' id='word_1_111' title='bbox 2413 1788 2688 1862; x_wconf 87' lang='lat' dir='ltr'><strong>expressio</strong></span> <span class='ocrx_word' id='word_1_112' title='bbox 2721 1789 3144 1865; x_wconf 87' lang='lat' dir='ltr'><strong>intellegibilis.</strong></span> 
     </span>
     <span class='ocr_line' id='line_1_15' title="bbox 1126 1882 3144 1956; baseline 0 -14"><span class='ocrx_word' id='word_1_113' title='bbox 1126 1885 1315 1956; x_wconf 85' lang='lat' dir='ltr'><strong>itaque</strong></span> <span class='ocrx_word' id='word_1_114' title='bbox 1356 1883 1540 1940; x_wconf 86' lang='lat' dir='ltr'><strong>Laban</strong></span> <span class='ocrx_word' id='word_1_115' title='bbox 1582 1885 1965 1955; x_wconf 85' lang='lat' dir='ltr'><strong>perscrutatus</strong></span> <span class='ocrx_word' id='word_1_116' title='bbox 2007 1885 2096 1939; x_wconf 88' lang='lat' dir='ltr'><strong>est</strong></span> <span class='ocrx_word' id='word_1_117' title='bbox 2135 1882 2361 1939; x_wconf 90' lang='lat' dir='ltr'><strong>domum</strong></span> <span class='ocrx_word' id='word_1_118' title='bbox 2404 1883 2526 1940; x_wconf 88' lang='lat' dir='ltr'><strong>eius</strong></span> <span class='ocrx_word' id='word_1_119' title='bbox 2566 1883 2875 1956; x_wconf 89' lang='lat' dir='ltr'><strong>spiritalem</strong></span> <span class='ocrx_word' id='word_1_120' title='bbox 2919 1886 2981 1942; x_wconf 90' lang='lat' dir='ltr'><strong>et</strong></span> <span class='ocrx_word' id='word_1_121' title='bbox 3028 1902 3144 1942; x_wconf 90' lang='lat' dir='ltr'><strong>non</strong></span> 
     </span>
     <span class='ocr_line' id='line_1_16' title="bbox 1123 1975 3288 2053; baseline -0 -17"><span class='ocrx_word' id='word_1_122' title='bbox 1123 1978 1343 2036; x_wconf 86' lang='lat' dir='ltr'><strong>inuenit</strong></span> <span class='ocrx_word' id='word_1_123' title='bbox 1381 1977 1627 2051; x_wconf 85' lang='lat' dir='ltr'><strong>effigies;</strong></span> <span class='ocrx_word' id='word_1_124' title='bbox 1669 1977 1835 2048; x_wconf 89' lang='lat' dir='ltr'><strong>plena</strong></span> <span class='ocrx_word' id='word_1_125' title='bbox 1875 1975 2016 2033; x_wconf 90' lang='lat' dir='ltr'><strong>enim</strong></span> <span class='ocrx_word' id='word_1_126' title='bbox 2062 1980 2180 2032; x_wconf 88' lang='lat' dir='ltr'><strong>erat</strong></span> <span class='ocrx_word' id='word_1_127' title='bbox 2220 1993 2325 2033; x_wconf 92' lang='lat' dir='ltr'><strong>non</strong></span> <span class='ocrx_word' id='word_1_128' title='bbox 2367 1976 2688 2051; x_wconf 86' lang='lat' dir='ltr'><strong>figurarum,</strong></span> <span class='ocrx_word' id='word_1_129' title='bbox 2732 1977 2830 2034; x_wconf 92' lang='lat' dir='ltr'><strong>sed</strong></span> <span class='ocrx_word' id='word_1_130' title='bbox 2878 1979 3145 2053; x_wconf 87' lang='lat' dir='ltr'><strong>negotio·</strong></span> <span class='ocrx_word' id='word_1_131' title='bbox 3178 2001 3221 2038; x_wconf 62' lang='grc' dir='ltr'><strong>ιε</strong></span> <span class='ocrx_word' id='word_1_132' title='bbox 3256 1986 3288 2035; x_wconf 82' lang='lat' dir='ltr'>E</span> 
     </span>
     <span class='ocr_line' id='line_1_17' title="bbox 1033 2069 3142 2145; baseline 0.002 -19"><span class='ocrx_word' id='word_1_133' title='bbox 1033 2069 1109 2126; x_wconf 86' lang='lat'><strong>23</strong></span> <span class='ocrx_word' id='word_1_134' title='bbox 1125 2089 1266 2129; x_wconf 89' lang='lat' dir='ltr'><strong>rum.</strong></span> <span class='ocrx_word' id='word_1_135' title='bbox 1300 2070 1581 2145; x_wconf 87' lang='lat' dir='ltr'><strong>potuisset</strong></span> <span class='ocrx_word' id='word_1_136' title='bbox 1612 2074 1798 2128; x_wconf 85' lang='lat' dir='ltr'><strong>autem</strong></span> <span class='ocrx_word' id='word_1_137' title='bbox 1823 2070 2071 2127; x_wconf 90' lang='lat' dir='ltr'><strong>inuenire</strong></span> <span class='ocrx_word' id='word_1_138' title='bbox 2097 2069 2455 2128; x_wconf 88' lang='lat' dir='ltr'><strong>fundamenta</strong></span> <span class='ocrx_word' id='word_1_139' title='bbox 2480 2071 2757 2128; x_wconf 89' lang='lat' dir='ltr'><strong>uirtutum</strong></span> <span class='ocrx_word' id='word_1_140' title='bbox 2784 2074 2844 2129; x_wconf 90' lang='lat' dir='ltr'><strong>et</strong></span> <span class='ocrx_word' id='word_1_141' title='bbox 2867 2073 3142 2142; x_wconf 84' lang='lat' dir='ltr'><strong>culmina,</strong></span> 
     </span>
     <span class='ocr_line' id='line_1_18' title="bbox 1126 2164 3143 2238; baseline 0.001 -15"><span class='ocrx_word' id='word_1_142' title='bbox 1126 2165 1234 2224; x_wconf 91' lang='lat' dir='ltr'><strong>nisi</strong></span> <span class='ocrx_word' id='word_1_143' title='bbox 1275 2165 1602 2223; x_wconf 86' lang='lat' dir='ltr'><strong>caecitatem</strong></span> <span class='ocrx_word' id='word_1_144' title='bbox 1643 2164 1824 2222; x_wconf 90' lang='lat' dir='ltr'><strong>cordis</strong></span> <span class='ocrx_word' id='word_1_145' title='bbox 1867 2168 1923 2221; x_wconf 93' lang='lat' dir='ltr'><strong>et</strong></span> <span class='ocrx_word' id='word_1_146' title='bbox 1962 2164 2199 2236; x_wconf 88' lang='lat' dir='ltr'><strong>perfidae</strong></span> <span class='ocrx_word' id='word_1_147' title='bbox 2242 2164 2445 2221; x_wconf 88' lang='lat' dir='ltr'><strong>mentis</strong></span> <span class='ocrx_word' id='word_1_148' title='bbox 2478 2164 2777 2238; x_wconf 86' lang='lat' dir='ltr'><strong>caliginem</strong></span> <span class='ocrx_word' id='word_1_149' title='bbox 2812 2164 3143 2225; x_wconf 89' lang='lat' dir='ltr'><strong>detulisset.</strong></span> 
     </span>
     <span class='ocr_line' id='line_1_19' title="bbox 1127 2259 3146 2334; baseline 0 -17"><span class='ocrx_word' id='word_1_150' title='bbox 1127 2260 1363 2334; x_wconf 88' lang='lat' dir='ltr'><strong>denique</strong></span> <span class='ocrx_word' id='word_1_151' title='bbox 1422 2276 1485 2317; x_wconf 88' lang='lat' dir='ltr'><strong>ea</strong></span> <span class='ocrx_word' id='word_1_152' title='bbox 1538 2260 1892 2332; x_wconf 85' lang='lat' dir='ltr'><strong>inprobitatis</strong></span> <span class='ocrx_word' id='word_1_153' title='bbox 1950 2260 2216 2316; x_wconf 86' lang='lat' dir='ltr'><strong>caecitate</strong></span> <span class='ocrx_word' id='word_1_154' title='bbox 2265 2259 2464 2317; x_wconf 86' lang='lat' dir='ltr'><strong>suffusi</strong></span> <span class='ocrx_word' id='word_1_155' title='bbox 2510 2262 2754 2317; x_wconf 88' lang='lat' dir='ltr'><strong>mentem</strong></span> <span class='ocrx_word' id='word_1_156' title='bbox 2807 2259 3146 2319; x_wconf 85' lang='lat' dir='ltr'><strong>Sodomitae</strong></span> 
     </span>
     <span class='ocr_line' id='line_1_20' title="bbox 1130 2353 3148 2428; baseline 0 -15"><span class='ocrx_word' id='word_1_157' title='bbox 1130 2356 1337 2413; x_wconf 90' lang='lat' dir='ltr'><strong>ostium</strong></span> <span class='ocrx_word' id='word_1_158' title='bbox 1377 2371 1724 2428; x_wconf 89' lang='lat' dir='ltr'><strong>nequaquam</strong></span> <span class='ocrx_word' id='word_1_159' title='bbox 1769 2354 1945 2411; x_wconf 87' lang='lat' dir='ltr'><strong>sancti</strong></span> <span class='ocrx_word' id='word_1_160' title='bbox 1987 2354 2128 2410; x_wconf 88' lang='lat' dir='ltr'><strong>Loth</strong></span> <span class='ocrx_word' id='word_1_161' title='bbox 2170 2353 2417 2411; x_wconf 89' lang='lat' dir='ltr'><strong>inuenire</strong></span> <span class='ocrx_word' id='word_1_162' title='bbox 2450 2357 2771 2426; x_wconf 88' lang='lat' dir='ltr'><strong>potuerunt.</strong></span> <span class='ocrx_word' id='word_1_163' title='bbox 2804 2354 2953 2412; x_wconf 87' lang='lat' dir='ltr'><strong>unde</strong></span> <span class='ocrx_word' id='word_1_164' title='bbox 2988 2355 3148 2414; x_wconf 87' lang='lat' dir='ltr'><strong>enim</strong></span> 
     </span>
     <span class='ocr_line' id='line_1_21' title="bbox 1129 2436 3228 2531; baseline 0.003 -25"><span class='ocrx_word' id='word_1_165' title='bbox 1129 2466 1282 2507; x_wconf 90' lang='lat' dir='ltr'><strong>mens</strong></span> <span class='ocrx_word' id='word_1_166' title='bbox 1317 2448 1489 2521; x_wconf 89' lang='lat' dir='ltr'><strong>impia</strong></span> <span class='ocrx_word' id='word_1_167' title='bbox 1520 2448 1708 2505; x_wconf 88' lang='lat' dir='ltr'><strong>uidere</strong></span> <span class='ocrx_word' id='word_1_168' title='bbox 1740 2448 1925 2520; x_wconf 90' lang='lat' dir='ltr'><strong>potuit</strong></span> <span class='ocrx_word' id='word_1_169' title='bbox 1958 2447 2065 2504; x_wconf 88' lang='lat' dir='ltr'><strong>uiri</strong></span> <span class='ocrx_word' id='word_1_170' title='bbox 2097 2446 2274 2507; x_wconf 82' lang='lat' dir='ltr'><strong>sancti</strong></span> <span class='ocrx_word' id='word_1_171' title='bbox 2305 2447 2397 2531; x_wconf 89' lang='lat' dir='ltr'><strong>uel</strong></span> <span class='ocrx_word' id='word_1_172' title='bbox 2425 2447 2634 2506; x_wconf 88' lang='lat' dir='ltr'><strong>exitum</strong></span> <span class='ocrx_word' id='word_1_173' title='bbox 2655 2449 2750 2505; x_wconf 91' lang='lat' dir='ltr'><strong>uel</strong></span> <span class='ocrx_word' id='word_1_174' title='bbox 2772 2449 3145 2524; x_wconf 75' lang='lat' dir='ltr'><strong>ingressum?</strong></span> <span class='ocrx_word' id='word_1_175' title='bbox 3178 2436 3228 2514; x_wconf 62' lang='grc' dir='ltr'><strong>εὖ</strong></span> 
     </span>
    </p>
   </div>
   <div class='ocr_carea' id='block_1_3' title="bbox 1129 2643 3145 2784">
    <p class='ocr_par' dir='ltr' id='par_1_3' title="bbox 1129 2643 3145 2784">
     <span class='ocr_line' id='line_1_22' title="bbox 1289 2643 3145 2708; baseline 0.003 -13"><span class='ocrx_word' id='word_1_176' title='bbox 1289 2647 1310 2695; x_wconf 93' lang='grc'>1</span> <span class='ocrx_word' id='word_1_177' title='bbox 1349 2645 1466 2694; x_wconf 87' lang='lat' dir='ltr'><strong>Gen.</strong></span> <span class='ocrx_word' id='word_1_178' title='bbox 1499 2646 1576 2701; x_wconf 84' lang='grc'><strong>29.</strong></span> <span class='ocrx_word' id='word_1_179' title='bbox 1610 2646 1670 2693; x_wconf 87' lang='grc'><strong>28</strong></span> <span class='ocrx_word' id='word_1_180' title='bbox 1702 2659 1804 2708; x_wconf 86' lang='lat' dir='ltr'><strong>sqq.</strong></span> <span class='ocrx_word' id='word_1_181' title='bbox 1884 2646 1917 2692; x_wconf 84' lang='lat'>4</span> <span class='ocrx_word' id='word_1_182' title='bbox 1949 2643 2065 2693; x_wconf 87' lang='lat' dir='ltr'><strong>Gen.</strong></span> <span class='ocrx_word' id='word_1_183' title='bbox 2100 2646 2174 2700; x_wconf 86' lang='lat'><strong>30,</strong></span> <span class='ocrx_word' id='word_1_184' title='bbox 2209 2646 2269 2692; x_wconf 83' lang='lat'><strong>32</strong></span> <span class='ocrx_word' id='word_1_185' title='bbox 2302 2659 2405 2707; x_wconf 84' lang='lat' dir='ltr'><strong>sqq.</strong></span> <span class='ocrx_word' id='word_1_186' title='bbox 2485 2647 2515 2694; x_wconf 85' lang='grc'><strong>6</strong></span> <span class='ocrx_word' id='word_1_187' title='bbox 2548 2647 2667 2695; x_wconf 89' lang='lat' dir='ltr'><strong>Gen.</strong></span> <span class='ocrx_word' id='word_1_188' title='bbox 2701 2647 2779 2706; x_wconf 87' lang='lat'><strong>32,</strong></span> <span class='ocrx_word' id='word_1_189' title='bbox 2812 2649 2875 2696; x_wconf 89' lang='grc'><strong>25</strong></span> <span class='ocrx_word' id='word_1_190' title='bbox 2958 2651 2987 2698; x_wconf 81' lang='grc'><strong>7</strong></span> <span class='ocrx_word' id='word_1_191' title='bbox 3015 2649 3145 2704; x_wconf 86' lang='lat' dir='ltr'><strong>Gen.</strong></span> 
     </span>
     <span class='ocr_line' id='line_1_23' title="bbox 1129 2723 2521 2784; baseline -0.002 -10"><span class='ocrx_word' id='word_1_192' title='bbox 1129 2727 1205 2784; x_wconf 85' lang='lat'><strong>28,</strong></span> <span class='ocrx_word' id='word_1_193' title='bbox 1240 2727 1297 2774; x_wconf 84' lang='lat'><strong>12</strong></span> <span class='ocrx_word' id='word_1_194' title='bbox 1426 2725 1454 2772; x_wconf 86' lang='lat'>9</span> <span class='ocrx_word' id='word_1_195' title='bbox 1488 2723 1607 2772; x_wconf 86' lang='lat' dir='ltr'><strong>Gen.</strong></span> <span class='ocrx_word' id='word_1_196' title='bbox 1640 2725 1715 2780; x_wconf 88' lang='lat'><strong>31,</strong></span> <span class='ocrx_word' id='word_1_197' title='bbox 1751 2724 1810 2772; x_wconf 88' lang='lat'><strong>33</strong></span> <span class='ocrx_word' id='word_1_198' title='bbox 1844 2727 1894 2770; x_wconf 90' lang='lat' dir='ltr'><strong>et</strong></span> <span class='ocrx_word' id='word_1_199' title='bbox 1924 2725 1984 2772; x_wconf 81' lang='lat'><strong>35</strong></span> <span class='ocrx_word' id='word_1_200' title='bbox 2115 2724 2170 2771; x_wconf 88' lang='grc'><strong>18</strong></span> <span class='ocrx_word' id='word_1_201' title='bbox 2205 2723 2322 2771; x_wconf 89' lang='lat' dir='ltr'><strong>Gen.</strong></span> <span class='ocrx_word' id='word_1_202' title='bbox 2359 2724 2430 2780; x_wconf 85' lang='lat'><strong>19.</strong></span> <span class='ocrx_word' id='word_1_203' title='bbox 2469 2724 2521 2771; x_wconf 95' lang='grc'><strong>11</strong></span> 
     </span>
    </p>
   </div>
   <div class='ocr_carea' id='block_1_4' title="bbox 1128 2848 3148 3379">
    <p class='ocr_par' dir='ltr' id='par_1_4' title="bbox 1128 2848 3148 3379">
     <span class='ocr_line' id='line_1_24' title="bbox 1193 2848 3147 2912; baseline 0.002 -14"><span class='ocrx_word' id='word_1_204' title='bbox 1193 2851 1216 2897; x_wconf 97' lang='lat'>1</span> <span class='ocrx_word' id='word_1_205' title='bbox 1251 2850 1491 2912; x_wconf 84' lang='lat' dir='ltr'><strong>perfectus</strong></span> <span class='ocrx_word' id='word_1_206' title='bbox 1525 2850 1572 2896; x_wconf 89' lang='lat' dir='ltr'><strong><em>P</em></strong></span> <span class='ocrx_word' id='word_1_207' title='bbox 1749 2848 2023 2911; x_wconf 83' lang='lat' dir='ltr'><strong>adquesiuit</strong></span> <span class='ocrx_word' id='word_1_208' title='bbox 2053 2850 2101 2896; x_wconf 98' lang='lat' dir='ltr'><strong><em>A</em></strong></span> <span class='ocrx_word' id='word_1_209' title='bbox 2135 2848 2171 2907; x_wconf 91' lang='lat' dir='ltr'><strong>(i</strong></span> <span class='ocrx_word' id='word_1_210' title='bbox 2201 2861 2239 2895; x_wconf 76' lang='lat' dir='ltr'><strong>a.</strong></span> <span class='ocrx_word' id='word_1_211' title='bbox 2276 2862 2300 2895; x_wconf 85' lang='lat' dir='ltr'><strong>e</strong></span> <span class='ocrx_word' id='word_1_212' title='bbox 2332 2851 2431 2907; x_wconf 85' lang='lat' dir='ltr'><strong>m2)</strong></span> <span class='ocrx_word' id='word_1_213' title='bbox 2607 2850 2875 2911; x_wconf 83' lang='lat' dir='ltr'><strong>sapientiae</strong></span> <span class='ocrx_word' id='word_1_214' title='bbox 2909 2851 3056 2900; x_wconf 88' lang='lat' dir='ltr'><strong>domo</strong></span> <span class='ocrx_word' id='word_1_215' title='bbox 3095 2859 3147 2902; x_wconf 73' lang='lat' dir='ltr'><strong><em>A</em></strong></span> 
     </span>
     <span class='ocr_line' id='line_1_25' title="bbox 1131 2925 3148 2991; baseline 0.001 -15"><span class='ocrx_word' id='word_1_216' title='bbox 1131 2925 1291 2986; x_wconf 86' lang='lat' dir='ltr'><strong>(domo</strong></span> <span class='ocrx_word' id='word_1_217' title='bbox 1324 2943 1361 2976; x_wconf 75' lang='grc' dir='ltr'><strong>ε.</strong></span> <span class='ocrx_word' id='word_1_218' title='bbox 1394 2941 1442 2974; x_wconf 78' lang='lat' dir='ltr'><strong>u.</strong></span> <span class='ocrx_word' id='word_1_219' title='bbox 1476 2930 1576 2986; x_wconf 81' lang='lat' dir='ltr'><strong>m2)</strong></span> <span class='ocrx_word' id='word_1_220' title='bbox 1621 2925 1765 2973; x_wconf 81' lang='lat' dir='ltr'><strong>VNT</strong></span> <span class='ocrx_word' id='word_1_221' title='bbox 1855 2928 2072 2973; x_wconf 70' lang='lat' dir='ltr'><strong>consorte</strong></span> <span class='ocrx_word' id='word_1_222' title='bbox 2108 2928 2151 2973; x_wconf 83' lang='lat' dir='ltr'><strong><em>A</em></strong></span> <span class='ocrx_word' id='word_1_223' title='bbox 2189 2929 2232 2984; x_wconf 76' lang='lat' dir='ltr'><strong>(e</strong></span> <span class='ocrx_word' id='word_1_224' title='bbox 2266 2939 2325 2972; x_wconf 74' lang='lat' dir='ltr'><strong>ex</strong></span> <span class='ocrx_word' id='word_1_225' title='bbox 2357 2940 2381 2972; x_wconf 89' lang='lat' dir='ltr'><strong>e</strong></span> <span class='ocrx_word' id='word_1_226' title='bbox 2413 2927 2514 2988; x_wconf 84' lang='lat' dir='ltr'><strong>m2)</strong></span> <span class='ocrx_word' id='word_1_227' title='bbox 2556 2925 2701 2974; x_wconf 82' lang='lat' dir='ltr'><strong>VNT</strong></span> <span class='ocrx_word' id='word_1_228' title='bbox 2762 2929 2792 2975; x_wconf 88' lang='grc'><strong>2</strong></span> <span class='ocrx_word' id='word_1_229' title='bbox 2823 2930 3065 2991; x_wconf 81' lang='lat' dir='ltr'><strong>propositi</strong></span> <span class='ocrx_word' id='word_1_230' title='bbox 3094 2936 3148 2982; x_wconf 84' lang='lat' dir='ltr'><strong><em>A</em></strong></span> 
     </span>
     <span class='ocr_line' id='line_1_26' title="bbox 1129 3002 3146 3071; baseline 0.002 -16"><span class='ocrx_word' id='word_1_231' title='bbox 1129 3008 1178 3071; x_wconf 90' lang='lat' dir='ltr'><strong>(o</strong></span> <span class='ocrx_word' id='word_1_232' title='bbox 1202 3021 1282 3068; x_wconf 78' lang='lat' dir='ltr'><strong>pr.</strong></span> <span class='ocrx_word' id='word_1_233' title='bbox 1317 3020 1376 3054; x_wconf 80' lang='lat' dir='ltr'><strong>ex</strong></span> <span class='ocrx_word' id='word_1_234' title='bbox 1407 3020 1433 3053; x_wconf 89' lang='lat' dir='ltr'><strong>e</strong></span> <span class='ocrx_word' id='word_1_235' title='bbox 1464 3009 1564 3066; x_wconf 82' lang='lat' dir='ltr'><strong>m2)</strong></span> <span class='ocrx_word' id='word_1_236' title='bbox 1692 3004 1851 3052; x_wconf 88' lang='lat' dir='ltr'><strong>dotem</strong></span> <span class='ocrx_word' id='word_1_237' title='bbox 1881 3002 2077 3051; x_wconf 80' lang='lat' dir='ltr'><strong><em>APCO‘</em></strong></span> <span class='ocrx_word' id='word_1_238' title='bbox 2085 3003 2129 3051; x_wconf 90' lang='lat' dir='ltr'><strong><em>T</em></strong></span> <span class='ocrx_word' id='word_1_239' title='bbox 2282 3004 2310 3052; x_wconf 89' lang='lat'><strong>3</strong></span> <span class='ocrx_word' id='word_1_240' title='bbox 2342 3006 2686 3052; x_wconf 84' lang='lat' dir='ltr'><strong>transcurreret</strong></span> <span class='ocrx_word' id='word_1_241' title='bbox 2718 3007 2766 3053; x_wconf 94' lang='lat' dir='ltr'><strong><em>A</em></strong></span> <span class='ocrx_word' id='word_1_242' title='bbox 2801 3010 2872 3062; x_wconf 86' lang='lat' dir='ltr'><strong>(re</strong></span> <span class='ocrx_word' id='word_1_243' title='bbox 2894 3022 2981 3068; x_wconf 78' lang='lat' dir='ltr'><strong>pr.</strong></span> <span class='ocrx_word' id='word_1_244' title='bbox 3012 3024 3053 3058; x_wconf 79' lang='lat' dir='ltr'><strong>s.</strong></span> <span class='ocrx_word' id='word_1_245' title='bbox 3091 3026 3146 3059; x_wconf 73' lang='lat' dir='ltr'><strong>u.</strong></span> 
     </span>
     <span class='ocr_line' id='line_1_27' title="bbox 1128 3081 3147 3149; baseline 0.001 -16"><span class='ocrx_word' id='word_1_246' title='bbox 1128 3088 1231 3140; x_wconf 65' lang='lat' dir='ltr'><strong>mm</strong></span> <span class='ocrx_word' id='word_1_247' title='bbox 1264 3087 1553 3132; x_wconf 83' lang='lat' dir='ltr'><strong>transcurret</strong></span> <span class='ocrx_word' id='word_1_248' title='bbox 1585 3082 1689 3131; x_wconf 85' lang='lat' dir='ltr'><strong>PC‘</strong></span> <span class='ocrx_word' id='word_1_249' title='bbox 1719 3085 2011 3131; x_wconf 85' lang='lat' dir='ltr'><strong>transcurrat</strong></span> <span class='ocrx_word' id='word_1_250' title='bbox 2046 3082 2087 3129; x_wconf 82' lang='lat' dir='ltr'><strong><em>G</em></strong></span> <span class='ocrx_word' id='word_1_251' title='bbox 2232 3081 2395 3130; x_wconf 86' lang='lat' dir='ltr'><strong>addito</strong></span> <span class='ocrx_word' id='word_1_252' title='bbox 2429 3083 2476 3130; x_wconf 85' lang='lat' dir='ltr'><strong><em>A</em></strong></span> <span class='ocrx_word' id='word_1_253' title='bbox 2510 3086 2560 3142; x_wconf 93' lang='lat' dir='ltr'><strong>(u</strong></span> <span class='ocrx_word' id='word_1_254' title='bbox 2591 3083 2675 3130; x_wconf 69' lang='lat'><strong>2212</strong></span> <span class='ocrx_word' id='word_1_255' title='bbox 2704 3097 2742 3131; x_wconf 74' lang='grc' dir='ltr'><strong>ε.</strong></span> <span class='ocrx_word' id='word_1_256' title='bbox 2778 3083 2809 3131; x_wconf 88' lang='lat' dir='ltr'><strong>d</strong></span> <span class='ocrx_word' id='word_1_257' title='bbox 2830 3086 2937 3149; x_wconf 73' lang='lat' dir='ltr'><strong>pr.)</strong></span> <span class='ocrx_word' id='word_1_258' title='bbox 2969 3088 3147 3138; x_wconf 84' lang='lat' dir='ltr'><strong>audito</strong></span> 
     </span>
     <span class='ocr_line' id='line_1_28' title="bbox 1136 3161 3147 3225; baseline -0.001 -12"><span class='ocrx_word' id='word_1_259' title='bbox 1136 3163 1236 3213; x_wconf 83' lang='lat' dir='ltr'><strong>VN</strong></span> <span class='ocrx_word' id='word_1_260' title='bbox 1239 3164 1283 3212; x_wconf 85' lang='lat' dir='ltr'><em>T</em></span> <span class='ocrx_word' id='word_1_261' title='bbox 1434 3162 1689 3210; x_wconf 85' lang='lat' dir='ltr'><strong>thensauro</strong></span> <span class='ocrx_word' id='word_1_262' title='bbox 1721 3163 1764 3211; x_wconf 65' lang='lat'><strong>⁹1</strong></span> <span class='ocrx_word' id='word_1_263' title='bbox 1797 3162 1846 3223; x_wconf 90' lang='lat' dir='ltr'><strong>(n</strong></span> <span class='ocrx_word' id='word_1_264' title='bbox 1877 3175 1915 3210; x_wconf 74' lang='grc' dir='ltr'><strong>ε.</strong></span> <span class='ocrx_word' id='word_1_265' title='bbox 1949 3176 1999 3211; x_wconf 80' lang='lat' dir='ltr'><strong>u.</strong></span> <span class='ocrx_word' id='word_1_266' title='bbox 2030 3165 2129 3219; x_wconf 87' lang='lat' dir='ltr'><strong>m3)</strong></span> <span class='ocrx_word' id='word_1_267' title='bbox 2164 3161 2388 3209; x_wconf 85' lang='lat' dir='ltr'><strong>thesauro</strong></span> <span class='ocrx_word' id='word_1_268' title='bbox 2421 3162 2469 3208; x_wconf 91' lang='lat' dir='ltr'><strong><em>A</em></strong></span> <span class='ocrx_word' id='word_1_269' title='bbox 2501 3162 2542 3225; x_wconf 87' lang='lat' dir='ltr'><strong>(s</strong></span> <span class='ocrx_word' id='word_1_270' title='bbox 2575 3176 2613 3210; x_wconf 75' lang='lat' dir='ltr'><strong>s.</strong></span> <span class='ocrx_word' id='word_1_271' title='bbox 2646 3166 2718 3221; x_wconf 70' lang='lat' dir='ltr'><strong>u.)</strong></span> <span class='ocrx_word' id='word_1_272' title='bbox 2754 3168 2837 3211; x_wconf 75' lang='lat' dir='ltr'><strong>cet.</strong></span> <span class='ocrx_word' id='word_1_273' title='bbox 2977 3167 3011 3215; x_wconf 83' lang='lat'>4</span> <span class='ocrx_word' id='word_1_274' title='bbox 3043 3168 3147 3217; x_wconf 76' lang='lat' dir='ltr'><strong>sibi</strong></span> 
     </span>
     <span class='ocr_line' id='line_1_29' title="bbox 1130 3238 3147 3300; baseline 0.002 -9"><span class='ocrx_word' id='word_1_275' title='bbox 1130 3245 1289 3291; x_wconf 86' lang='lat' dir='ltr'><strong>ouium</strong></span> <span class='ocrx_word' id='word_1_276' title='bbox 1324 3242 1454 3292; x_wconf 59' lang='lat' dir='ltr'><strong>21OE</strong></span> <span class='ocrx_word' id='word_1_277' title='bbox 1574 3243 1601 3290; x_wconf 89' lang='grc'>6</span> <span class='ocrx_word' id='word_1_278' title='bbox 1637 3241 1760 3288; x_wconf 74' lang='lat' dir='ltr'><strong>eius·</strong></span> <span class='ocrx_word' id='word_1_279' title='bbox 1785 3241 1833 3287; x_wconf 92' lang='lat' dir='ltr'><strong><em>A</em></strong></span> <span class='ocrx_word' id='word_1_280' title='bbox 1968 3238 2149 3288; x_wconf 82' lang='lat' dir='ltr'><strong>recedit</strong></span> <span class='ocrx_word' id='word_1_281' title='bbox 2180 3240 2222 3287; x_wconf 77' lang='lat' dir='ltr'><strong><em>A</em></strong></span> <span class='ocrx_word' id='word_1_282' title='bbox 2262 3240 2304 3298; x_wconf 71' lang='lat' dir='ltr'><strong>(l</strong></span> <span class='ocrx_word' id='word_1_283' title='bbox 2334 3240 2353 3286; x_wconf 92' lang='lat' dir='ltr'><strong>i</strong></span> <span class='ocrx_word' id='word_1_284' title='bbox 2382 3253 2421 3288; x_wconf 76' lang='grc' dir='ltr'><strong>ε.</strong></span> <span class='ocrx_word' id='word_1_285' title='bbox 2456 3254 2481 3287; x_wconf 87' lang='lat' dir='ltr'><strong>e</strong></span> <span class='ocrx_word' id='word_1_286' title='bbox 2517 3240 2602 3288; x_wconf 78' lang='lat' dir='ltr'><strong>alt.</strong></span> <span class='ocrx_word' id='word_1_287' title='bbox 2635 3243 2735 3300; x_wconf 63' lang='grc' dir='ltr'><strong>ΜΒ)</strong></span> <span class='ocrx_word' id='word_1_288' title='bbox 2868 3244 2896 3291; x_wconf 81' lang='grc'><strong>7</strong></span> <span class='ocrx_word' id='word_1_289' title='bbox 2928 3245 3147 3295; x_wconf 80' lang='lat' dir='ltr'><strong>misterii</strong></span> 
     </span>
     <span class='ocr_line' id='line_1_30' title="bbox 1129 3317 3145 3379; baseline 0.002 -10"><span class='ocrx_word' id='word_1_290' title='bbox 1129 3321 1267 3373; x_wconf 65' lang='lat' dir='ltr'><strong>Peto</strong></span> <span class='ocrx_word' id='word_1_291' title='bbox 1453 3321 1587 3368; x_wconf 89' lang='lat' dir='ltr'><strong>uelut</strong></span> <span class='ocrx_word' id='word_1_292' title='bbox 1616 3320 1664 3367; x_wconf 89' lang='lat' dir='ltr'><strong><em>A</em></strong></span> <span class='ocrx_word' id='word_1_293' title='bbox 1707 3325 1761 3376; x_wconf 75' lang='grc' dir='ltr'><strong>(ε.</strong></span> <span class='ocrx_word' id='word_1_294' title='bbox 1804 3319 1881 3366; x_wconf 89' lang='lat' dir='ltr'><strong>uel</strong></span> <span class='ocrx_word' id='word_1_295' title='bbox 1919 3318 2021 3379; x_wconf 83' lang='lat' dir='ltr'><strong>m2)</strong></span> <span class='ocrx_word' id='word_1_296' title='bbox 2060 3317 2105 3365; x_wconf 79' lang='lat' dir='ltr'><strong><em>T</em></strong></span> <span class='ocrx_word' id='word_1_297' title='bbox 2142 3321 2217 3377; x_wconf 91' lang='lat' dir='ltr'><strong>(ut</strong></span> <span class='ocrx_word' id='word_1_298' title='bbox 2253 3331 2291 3365; x_wconf 79' lang='lat'><strong>8.</strong></span> <span class='ocrx_word' id='word_1_299' title='bbox 2325 3317 2392 3379; x_wconf 77' lang='lat' dir='ltr'><strong>u.)</strong></span> <span class='ocrx_word' id='word_1_300' title='bbox 2434 3319 2512 3366; x_wconf 91' lang='lat' dir='ltr'><strong>uel</strong></span> <span class='ocrx_word' id='word_1_301' title='bbox 2565 3317 2662 3366; x_wconf 82' lang='lat' dir='ltr'><strong>VN</strong></span> <span class='ocrx_word' id='word_1_302' title='bbox 2818 3321 2877 3369; x_wconf 91' lang='lat'><strong>10</strong></span> <span class='ocrx_word' id='word_1_303' title='bbox 2910 3337 3048 3371; x_wconf 58' lang='lat' dir='ltr'><strong>enum</strong></span> <span class='ocrx_word' id='word_1_304' title='bbox 3091 3330 3145 3374; x_wconf 73' lang='lat' dir='ltr'><strong><em>A</em></strong></span> 
     </span>
    </p>
   </div>
   <div class='ocr_carea' id='block_1_5' title="bbox 1133 3398 3152 3524">
    <p class='ocr_par' dir='ltr' id='par_1_5' title="bbox 1133 3398 3152 3524">
     <span class='ocr_line' id='line_1_31' title="bbox 1133 3398 3152 3524; baseline 0.001 -43"><span class='ocrx_word' id='word_1_305' title='bbox 1133 3433 1186 3481; x_wconf 96' lang='lat'><strong>11</strong></span> <span class='ocrx_word' id='word_1_306' title='bbox 1224 3430 1530 3524; x_wconf 52' lang='lat' dir='ltr'><strong>reperiret-P</strong></span> <span class='ocrx_word' id='word_1_307' title='bbox 1547 3428 1731 3480; x_wconf 66' lang='lat' dir='ltr'><strong>Vinwc&#39;</strong></span> <span class='ocrx_word' id='word_1_308' title='bbox 1869 3427 2152 3475; x_wconf 84' lang='lat' dir='ltr'><strong>simulachra</strong></span> <span class='ocrx_word' id='word_1_309' title='bbox 2182 3426 2409 3477; x_wconf 65' lang='lat' dir='ltr'><strong>AwET</strong></span> <span class='ocrx_word' id='word_1_310' title='bbox 2565 3430 2622 3476; x_wconf 89' lang='grc'><strong>12</strong></span> <span class='ocrx_word' id='word_1_311' title='bbox 2654 3428 2783 3491; x_wconf 89' lang='lat' dir='ltr'><strong>apud</strong></span> <span class='ocrx_word' id='word_1_312' title='bbox 2814 3398 2921 3480; x_wconf 63' lang='lat' dir='ltr'><strong>erat</strong></span> <span class='ocrx_word' id='word_1_313' title='bbox 2954 3410 3064 3482; x_wconf 75' lang='lat' dir='ltr'><strong>eum</strong></span> <span class='ocrx_word' id='word_1_314' title='bbox 3104 3434 3152 3483; x_wconf 77' lang='lat'><em>0</em></span> 
     </span>
    </p>
   </div>
   <div class='ocr_carea' id='block_1_6' title="bbox 1131 3529 3150 3988">
    <p class='ocr_par' dir='ltr' id='par_1_6' title="bbox 1131 3529 3150 3988">
     <span class='ocr_line' id='line_1_32' title="bbox 1132 3529 3150 3597; baseline 0 -14"><span class='ocrx_word' id='word_1_315' title='bbox 1132 3533 1258 3597; x_wconf 86' lang='lat' dir='ltr'><strong>apud</strong></span> <span class='ocrx_word' id='word_1_316' title='bbox 1291 3537 1394 3582; x_wconf 89' lang='lat' dir='ltr'><strong>erat</strong></span> <span class='ocrx_word' id='word_1_317' title='bbox 1426 3548 1532 3581; x_wconf 86' lang='lat' dir='ltr'><strong>eum</strong></span> <span class='ocrx_word' id='word_1_318' title='bbox 1566 3532 1639 3583; x_wconf 66' lang='lat' dir='ltr'><strong>W‘</strong></span> <span class='ocrx_word' id='word_1_319' title='bbox 1673 3530 1796 3594; x_wconf 84' lang='lat' dir='ltr'><strong>apud</strong></span> <span class='ocrx_word' id='word_1_320' title='bbox 1829 3546 1935 3578; x_wconf 91' lang='lat' dir='ltr'><strong>eum</strong></span> <span class='ocrx_word' id='word_1_321' title='bbox 1969 3533 2071 3578; x_wconf 82' lang='lat' dir='ltr'><strong>erat</strong></span> <span class='ocrx_word' id='word_1_322' title='bbox 2102 3529 2155 3578; x_wconf 85' lang='grc' dir='ltr'><strong><em>Ε</em></strong></span> <span class='ocrx_word' id='word_1_323' title='bbox 2290 3530 2349 3578; x_wconf 87' lang='grc'><strong>13</strong></span> <span class='ocrx_word' id='word_1_324' title='bbox 2381 3530 2521 3578; x_wconf 81' lang='lat' dir='ltr'><strong>uiuae</strong></span> <span class='ocrx_word' id='word_1_325' title='bbox 2558 3530 2600 3578; x_wconf 85' lang='lat'><em>0</em></span> <span class='ocrx_word' id='word_1_326' title='bbox 2629 3537 2674 3579; x_wconf 80' lang='lat' dir='ltr'><strong>et</strong></span> <span class='ocrx_word' id='word_1_327' title='bbox 2705 3534 2754 3594; x_wconf 90' lang='lat' dir='ltr'><strong>(u</strong></span> <span class='ocrx_word' id='word_1_328' title='bbox 2788 3534 2875 3584; x_wconf 82' lang='lat' dir='ltr'><strong>alt.</strong></span> <span class='ocrx_word' id='word_1_329' title='bbox 2909 3548 2949 3583; x_wconf 76' lang='lat' dir='ltr'><strong>s.</strong></span> <span class='ocrx_word' id='word_1_330' title='bbox 2983 3534 3054 3597; x_wconf 76' lang='lat' dir='ltr'><strong>u.)</strong></span> <span class='ocrx_word' id='word_1_331' title='bbox 3099 3537 3150 3584; x_wconf 84' lang='lat' dir='ltr'><strong><em>V</em></strong></span> 
     </span>
     <span class='ocr_line' id='line_1_33' title="bbox 1131 3609 3144 3672; baseline 0.002 -11"><span class='ocrx_word' id='word_1_332' title='bbox 1131 3614 1261 3661; x_wconf 86' lang='lat' dir='ltr'><strong>uitae</strong></span> <span class='ocrx_word' id='word_1_333' title='bbox 1297 3615 1342 3660; x_wconf 86' lang='lat' dir='ltr'><strong><em>A</em></strong></span> <span class='ocrx_word' id='word_1_334' title='bbox 1386 3616 1441 3669; x_wconf 74' lang='lat' dir='ltr'><strong>(s.</strong></span> <span class='ocrx_word' id='word_1_335' title='bbox 1482 3615 1567 3658; x_wconf 81' lang='lat' dir='ltr'><strong>m2</strong></span> <span class='ocrx_word' id='word_1_336' title='bbox 1596 3611 1620 3657; x_wconf 66' lang='grc' dir='ltr'><strong>λ’</strong></span> <span class='ocrx_word' id='word_1_337' title='bbox 1651 3611 1775 3668; x_wconf 89' lang='lat' dir='ltr'><strong>uiae)</strong></span> <span class='ocrx_word' id='word_1_338' title='bbox 1818 3609 1993 3656; x_wconf 78' lang='lat' dir='ltr'><strong><em>PC¹C‘⁴</em></strong></span> <span class='ocrx_word' id='word_1_339' title='bbox 2036 3615 2079 3656; x_wconf 78' lang='lat' dir='ltr'><strong>et</strong></span> <span class='ocrx_word' id='word_1_340' title='bbox 2121 3611 2163 3668; x_wconf 91' lang='lat' dir='ltr'><strong>(t</strong></span> <span class='ocrx_word' id='word_1_341' title='bbox 2199 3623 2237 3657; x_wconf 79' lang='lat' dir='ltr'><strong>s.</strong></span> <span class='ocrx_word' id='word_1_342' title='bbox 2279 3612 2347 3666; x_wconf 78' lang='lat' dir='ltr'><strong>u.)</strong></span> <span class='ocrx_word' id='word_1_343' title='bbox 2388 3609 2430 3655; x_wconf 93' lang='lat' dir='ltr'><em>T</em></span> <span class='ocrx_word' id='word_1_344' title='bbox 2460 3610 2566 3657; x_wconf 84' lang='lat' dir='ltr'><strong>uiae</strong></span> <span class='ocrx_word' id='word_1_345' title='bbox 2597 3610 2641 3660; x_wconf 67' lang='lat'><strong>91</strong></span> <span class='ocrx_word' id='word_1_346' title='bbox 2673 3625 2813 3659; x_wconf 83' lang='lat' dir='ltr'><strong>uerae</strong></span> <span class='ocrx_word' id='word_1_347' title='bbox 2846 3613 2908 3663; x_wconf 67' lang='lat' dir='ltr'><em>w</em></span> <span class='ocrx_word' id='word_1_348' title='bbox 2941 3616 3045 3672; x_wconf 82' lang='lat' dir='ltr'><strong>(m2</strong></span> <span class='ocrx_word' id='word_1_349' title='bbox 3080 3631 3144 3665; x_wconf 75' lang='lat' dir='ltr'><strong>ex</strong></span> 
     </span>
     <span class='ocr_line' id='line_1_34' title="bbox 1131 3686 3143 3757; baseline 0.001 -18"><span class='ocrx_word' id='word_1_350' title='bbox 1131 3692 1258 3753; x_wconf 86' lang='lat' dir='ltr'><strong>uiae)</strong></span> <span class='ocrx_word' id='word_1_351' title='bbox 1289 3690 1419 3742; x_wconf 60' lang='lat' dir='ltr'><strong>QI‘OE&#39;</strong></span> <span class='ocrx_word' id='word_1_352' title='bbox 1510 3691 1567 3737; x_wconf 82' lang='grc'><strong>17</strong></span> <span class='ocrx_word' id='word_1_353' title='bbox 1600 3688 1824 3751; x_wconf 87' lang='lat' dir='ltr'><strong>perfidiae</strong></span> <span class='ocrx_word' id='word_1_354' title='bbox 1849 3686 2015 3737; x_wconf 56' lang='lat' dir='ltr'><strong>AQCW</strong></span> <span class='ocrx_word' id='word_1_355' title='bbox 2046 3693 2090 3735; x_wconf 79' lang='lat' dir='ltr'><strong>et</strong></span> <span class='ocrx_word' id='word_1_356' title='bbox 2123 3687 2159 3746; x_wconf 90' lang='lat' dir='ltr'><strong>(i</strong></span> <span class='ocrx_word' id='word_1_357' title='bbox 2194 3687 2279 3734; x_wconf 75' lang='lat' dir='ltr'><strong>alt.</strong></span> <span class='ocrx_word' id='word_1_358' title='bbox 2314 3691 2438 3747; x_wconf 73' lang='lat' dir='ltr'><strong>exp.)</strong></span> <span class='ocrx_word' id='word_1_359' title='bbox 2462 3688 2511 3736; x_wconf 89' lang='lat' dir='ltr'><strong><em>P</em></strong></span> <span class='ocrx_word' id='word_1_360' title='bbox 2540 3688 2717 3751; x_wconf 83' lang='lat' dir='ltr'><strong>perfide</strong></span> <span class='ocrx_word' id='word_1_361' title='bbox 2740 3690 2799 3740; x_wconf 65' lang='lat'><strong>21¹</strong></span> <span class='ocrx_word' id='word_1_362' title='bbox 2832 3689 2913 3752; x_wconf 86' lang='lat' dir='ltr'><strong>(de</strong></span> <span class='ocrx_word' id='word_1_363' title='bbox 2946 3706 3006 3740; x_wconf 75' lang='lat' dir='ltr'><strong>eoe</strong></span> <span class='ocrx_word' id='word_1_364' title='bbox 3037 3692 3143 3757; x_wconf 85' lang='lat' dir='ltr'><strong>die)</strong></span> 
     </span>
     <span class='ocr_line' id='line_1_35' title="bbox 1135 3765 3142 3832; baseline 0.001 -15"><span class='ocrx_word' id='word_1_365' title='bbox 1135 3770 1195 3818; x_wconf 89' lang='lat'><strong>18</strong></span> <span class='ocrx_word' id='word_1_366' title='bbox 1227 3768 1535 3832; x_wconf 85' lang='lat' dir='ltr'><strong>inprobitatis</strong></span> <span class='ocrx_word' id='word_1_367' title='bbox 1559 3769 1606 3815; x_wconf 88' lang='lat' dir='ltr'><strong><em>A</em></strong></span> <span class='ocrx_word' id='word_1_368' title='bbox 1641 3771 1707 3825; x_wconf 85' lang='lat' dir='ltr'><strong>(te</strong></span> <span class='ocrx_word' id='word_1_369' title='bbox 1743 3770 1792 3813; x_wconf 89' lang='lat' dir='ltr'><strong>et</strong></span> <span class='ocrx_word' id='word_1_370' title='bbox 1823 3768 1905 3813; x_wconf 84' lang='lat' dir='ltr'><strong>m2</strong></span> <span class='ocrx_word' id='word_1_371' title='bbox 1935 3780 1972 3813; x_wconf 78' lang='lat' dir='ltr'><strong>s.</strong></span> <span class='ocrx_word' id='word_1_372' title='bbox 1999 3766 2082 3825; x_wconf 88' lang='lat' dir='ltr'><strong>tis)</strong></span> <span class='ocrx_word' id='word_1_373' title='bbox 2107 3766 2156 3813; x_wconf 91' lang='lat' dir='ltr'><em>P</em></span> <span class='ocrx_word' id='word_1_374' title='bbox 2185 3766 2230 3828; x_wconf 88' lang='lat' dir='ltr'><strong>(e</strong></span> <span class='ocrx_word' id='word_1_375' title='bbox 2261 3779 2299 3812; x_wconf 77' lang='lat' dir='ltr'><strong>s.</strong></span> <span class='ocrx_word' id='word_1_376' title='bbox 2333 3765 2395 3825; x_wconf 73' lang='lat' dir='ltr'><strong>is)</strong></span> <span class='ocrx_word' id='word_1_377' title='bbox 2429 3767 2736 3826; x_wconf 85' lang='lat' dir='ltr'><strong>improbitate</strong></span> <span class='ocrx_word' id='word_1_378' title='bbox 2763 3771 2813 3816; x_wconf 90' lang='lat' dir='ltr'><strong>et</strong></span> <span class='ocrx_word' id='word_1_379' title='bbox 2841 3768 2887 3817; x_wconf 87' lang='lat' dir='ltr'><strong><em>T</em></strong></span> <span class='ocrx_word' id='word_1_380' title='bbox 3028 3785 3142 3820; x_wconf 85' lang='lat' dir='ltr'><strong>cae-</strong></span> 
     </span>
     <span class='ocr_line' id='line_1_36' title="bbox 1135 3843 3138 3906; baseline 0.001 -10"><span class='ocrx_word' id='word_1_381' title='bbox 1135 3848 1295 3896; x_wconf 82' lang='lat' dir='ltr'><strong>citatis</strong></span> <span class='ocrx_word' id='word_1_382' title='bbox 1328 3848 1376 3894; x_wconf 91' lang='lat' dir='ltr'><em>P</em></span> <span class='ocrx_word' id='word_1_383' title='bbox 1499 3845 1639 3893; x_wconf 81' lang='lat' dir='ltr'><strong>offusi</strong></span> <span class='ocrx_word' id='word_1_384' title='bbox 1671 3846 1719 3892; x_wconf 94' lang='lat' dir='ltr'><em>P</em></span> <span class='ocrx_word' id='word_1_385' title='bbox 1747 3843 1928 3906; x_wconf 81' lang='lat' dir='ltr'><strong>profusi</strong></span> <span class='ocrx_word' id='word_1_386' title='bbox 1963 3846 2103 3903; x_wconf 81' lang='lat' dir='ltr'><strong>(corr.</strong></span> <span class='ocrx_word' id='word_1_387' title='bbox 2139 3844 2296 3904; x_wconf 78' lang='lat' dir='ltr'><strong>effusi)</strong></span> <span class='ocrx_word' id='word_1_388' title='bbox 2335 3844 2381 3891; x_wconf 81' lang='lat' dir='ltr'><em>T</em></span> <span class='ocrx_word' id='word_1_389' title='bbox 2507 3845 2565 3892; x_wconf 86' lang='lat'><strong>19</strong></span> <span class='ocrx_word' id='word_1_390' title='bbox 2597 3846 2723 3894; x_wconf 90' lang='lat' dir='ltr'><strong>enim</strong></span> <span class='ocrx_word' id='word_1_391' title='bbox 2757 3847 2847 3895; x_wconf 80' lang='lat' dir='ltr'><strong>del.</strong></span> <span class='ocrx_word' id='word_1_392' title='bbox 2882 3851 2968 3896; x_wconf 62' lang='grc' dir='ltr'><strong>ΜΒ</strong></span> <span class='ocrx_word' id='word_1_393' title='bbox 2997 3852 3062 3906; x_wconf 87' lang='lat' dir='ltr'><strong>A,</strong></span> <span class='ocrx_word' id='word_1_394' title='bbox 3097 3864 3138 3898; x_wconf 80' lang='lat' dir='ltr'><strong>s.</strong></span> 
     </span>
     <span class='ocr_line' id='line_1_37' title="bbox 1132 3921 3144 3988; baseline 0.001 -14"><span class='ocrx_word' id='word_1_395' title='bbox 1132 3942 1179 3974; x_wconf 80' lang='lat' dir='ltr'><strong>u.</strong></span> <span class='ocrx_word' id='word_1_396' title='bbox 1223 3927 1274 3981; x_wconf 91' lang='lat' dir='ltr'><strong>T,</strong></span> <span class='ocrx_word' id='word_1_397' title='bbox 1307 3926 1393 3974; x_wconf 76' lang='lat' dir='ltr'><strong>secl</strong></span> <span class='ocrx_word' id='word_1_398' title='bbox 1423 3939 1545 3972; x_wconf 75' lang='lat' dir='ltr'><strong>cras.</strong></span> <span class='ocrx_word' id='word_1_399' title='bbox 1642 3923 1703 3971; x_wconf 83' lang='lat'><strong>20</strong></span> <span class='ocrx_word' id='word_1_400' title='bbox 1737 3938 1829 3969; x_wconf 90' lang='lat' dir='ltr'><strong>non</strong></span> <span class='ocrx_word' id='word_1_401' title='bbox 1864 3923 2023 3985; x_wconf 89' lang='lat' dir='ltr'><strong>potuit</strong></span> <span class='ocrx_word' id='word_1_402' title='bbox 2055 3924 2100 3969; x_wconf 85' lang='lat' dir='ltr'><strong><em>A</em></strong></span> <span class='ocrx_word' id='word_1_403' title='bbox 2133 3921 2245 3988; x_wconf 84' lang='lat' dir='ltr'><strong>(non</strong></span> <span class='ocrx_word' id='word_1_404' title='bbox 2278 3936 2316 3969; x_wconf 81' lang='lat' dir='ltr'><strong>s.</strong></span> <span class='ocrx_word' id='word_1_405' title='bbox 2349 3938 2398 3970; x_wconf 80' lang='grc' dir='ltr'><strong>ιι.</strong></span> <span class='ocrx_word' id='word_1_406' title='bbox 2431 3927 2532 3982; x_wconf 84' lang='lat' dir='ltr'><strong>m2)</strong></span> <span class='ocrx_word' id='word_1_407' title='bbox 2565 3925 2608 3974; x_wconf 65' lang='lat'><strong>21</strong></span> <span class='ocrx_word' id='word_1_408' title='bbox 2653 3928 2765 3983; x_wconf 90' lang='lat' dir='ltr'><strong>(non</strong></span> <span class='ocrx_word' id='word_1_409' title='bbox 2795 3939 2834 3974; x_wconf 75' lang='grc' dir='ltr'><strong>ε.</strong></span> <span class='ocrx_word' id='word_1_410' title='bbox 2868 3941 2916 3976; x_wconf 73' lang='grc' dir='ltr'><strong>ιι.</strong></span> <span class='ocrx_word' id='word_1_411' title='bbox 2949 3931 3052 3985; x_wconf 83' lang='lat' dir='ltr'><strong>m3)</strong></span> <span class='ocrx_word' id='word_1_412' title='bbox 3096 3928 3144 3977; x_wconf 70' lang='grc' dir='ltr'><em>Τ</em></span> 
     </span>
    </p>
   </div>
  </div>
 </body>
</html>
