4242 4694
1124 539 1237 596 558
1954 535 2300 584 Ambrosii

1031 708 1108 765 65
1201 708 1458 768 Audistis
1507 725 1648 784 quae
1696 708 1932 782 pecunia
1977 707 2109 766 boni
2155 706 2511 766 faeneratoris
2560 707 2654 777 sit,
2703 724 2846 781 quae
2900 707 3149 780 pecunia

1124 802 1299 860 bonas
1332 802 1587 877 adquirat
1614 818 1835 872 usuras,
1869 818 2010 876 quae
2042 802 2281 875 pecunia
2310 817 2419 859 non
2452 800 2686 858 infamet
2713 800 3145 870 faeneratorem,

1126 913 1233 955 non
1290 896 1568 970 opprimat
1615 895 1937 963 debitorem,
1987 911 2152 968 quam
2200 894 2494 969 pecuniam
2541 910 2743 970 aerugo
2795 910 2907 952 non
2957 894 3148 968 possit

1128 991 1417 1057 obducere,
1468 1008 1573 1047 non
1623 993 1909 1064 penetrare
1956 988 2123 1057 tinea,
2174 1005 2316 1062 quae
2362 987 2598 1062 pecunia
2643 1004 2749 1046 non
2801 987 2871 1046 de
2921 991 3144 1046 terreno

1126 1084 1426 1143 thensauro
1469 1085 1561 1153 sit,
1604 1083 1702 1166 sed
1743 1087 1983 1152 aeterno,
2026 1099 2167 1157 quae
2214 1081 2449 1155 pecunia
2496 1081 2730 1140 diuitem
2777 1081 2951 1140 faciat
2997 1081 3143 1141 acci·
3192 1103 3213 1140 ι

1126 1181 1369 1254 pientem
1403 1195 1504 1237 uec
1537 1177 1749 1253 aliquid
1790 1177 2084 1235 imminuat
2114 1175 2433 1235 faeneranti.
2466 1176 2601 1234 haec
2640 1176 2878 1250 pecunia
2909 1193 3141 1236 usuram
3236 1186 3269 1236 r

1128 1275 1313 1345 habet,
1349 1275 1489 1344 <‚ut>
1537 1290 1644 1331 non
1687 1272 2047 1330 centesimam
2089 1271 2211 1329 eius
2245 1269 2393 1344 quod
2426 1269 2643 1328 dederis
2674 1258 3006 1343 portionem,
3043 1271 3144 1329 sed

1129 1368 1454 1442 centuplum
1508 1367 1653 1425 ferat
1706 1367 1969 1424 fructum.
2029 1365 2270 1439 expande
2325 1364 2500 1439 igitur
2554 1365 2738 1423 sinum
2796 1365 3026 1433 mentis,
3079 1368 3146 1423 ut

1130 1464 1299 1521 huius
1337 1462 1605 1535 pecuniae
1646 1463 1991 1519 numeratam
2031 1460 2137 1518 tibi
2171 1459 2448 1533 suscipias
2481 1461 2873 1533 quantitatem
2916 1459 3145 1518 intende

1131 1556 1314 1615 cordis
1377 1558 1657 1629 optutum,
1722 1557 1790 1612 ut
1854 1570 2125 1630 agnoscas
2181 1553 2445 1627 pecuniae
2499 1553 2670 1612 huius
2724 1554 3034 1630 imaginem
3091 1559 3147 1613 et
3174 1574 3217 1612 ιο

1131 1650 1566 1724 inscriptionem.
1632 1652 1781 1706 certe
1845 1648 1985 1706 hanc
2047 1647 2339 1722 pecuniam
2397 1651 2611 1717 excute,
2666 1647 2918 1706 tabulam
2975 1664 3148 1721 supra

1133 1761 1382 1803 mensam
1421 1743 1636 1800 animae
1677 1745 1824 1812 tuae,
1866 1759 2007 1817 quae
2048 1742 2271 1801 stabilis
2313 1742 2623 1800 uirtutibus
2671 1742 2764 1811 sit,
2814 1742 3144 1816 quadratam

1135 1837 1431 1907 constitue,
1485 1837 1660 1895 conde
1717 1837 1769 1894 in
1830 1837 2128 1895 thensauro
2184 1836 2427 1910 pectoris
2483 1837 2568 1894 tui
2632 1836 2702 1895 de
2766 1854 2877 1911 quo
2944 1837 3147 1896 doctus

1135 1933 1318 1991 scriba
1364 1931 1640 2004 depromit
1687 1948 1836 1989 noua
1882 1933 1942 1989 et
1986 1934 2195 1989 uetera.
2254 1931 2414 1989 uides
2470 1929 2654 2005 qualis
2710 1931 2851 1990 haec
2909 1933 3149 2006 pecunia

1136 2028 1229 2096 sit,
1301 2024 1767 2099 quemadmodum
1840 2025 2168 2083 creditorem
2233 2023 2650 2099 debitoremque
2710 2023 2899 2084 inuisa
2959 2025 3020 2085 in
3086 2044 3146 2085 se
3171 2035 3331 2085 nou}

1137 2121 1440 2196 coniungat
1467 2105 1719 2178 nomina.
1762 2120 1859 2194 qui
1897 2118 2200 2177 inuehebar
2236 2118 2292 2176 in
2333 2119 2723 2189 faeneratores,
2755 2119 2868 2178 iam
2900 2137 3148 2196 prouoco

1137 2213 1462 2273 debitorem.
1504 2213 1672 2271 huius
1714 2230 1843 2289 ergo
1876 2213 2248 2271 faeneratores
2281 2213 2547 2287 pecuniae
2580 2230 2681 2271 uos
2716 2231 2841 2272 esse
2874 2214 3149 2286 desidero,

1138 2311 1204 2365 ut
1250 2307 1320 2365 ad
1371 2324 1476 2365 uos
1526 2308 1620 2381 qui
1669 2310 1928 2365 mutuum
1979 2311 2203 2365 sumant
2251 2311 2446 2381 sponte
2493 2308 2775 2376 festinent,
2824 2325 2926 2383 per
2981 2326 3149 2384 quam

1138 2420 1243 2461 nou
1287 2418 1594 2468 nummum,
1639 2401 1737 2459 sed
1776 2419 2010 2477 regnum
2048 2402 2281 2476 possitis
2324 2401 2629 2475 adquirere,
2677 2420 2776 2477 per
2822 2420 2991 2477 quam
3042 2422 3150 2463 non

1046 2492 1122 2550 66
1137 2495 1438 2554 maledicta
1477 2496 1774 2568 quaeratis,
1811 2495 1911 2553 sed
1943 2495 2345 2554 benedictionis
2380 2496 2635 2571 gratiam.
2676 2497 2821 2555 hanc
2852 2498 3149 2572 pecuniam
3179 2516 3225 2553 ω

1138 2591 1386 2648 faenerat
1433 2588 1675 2663 populus
1734 2589 2041 2652 nationum.
2101 2589 2197 2663 qui
2254 2590 2424 2648 sciuit
2480 2590 2729 2665 accipere
2783 2590 3149 2662 faeneratum,

1141 2683 1236 2756 qui
1278 2683 1449 2741 sciuit
1489 2699 1728 2753 cernere,
1772 2684 1866 2757 qui
1908 2683 2079 2742 sciuit
2118 2688 2389 2743 excutere.
2430 2684 2702 2743 recusasti
2733 2684 2928 2760 indiga
2963 2686 3150 2744 faeno-
3249 2695 3284 2744 B

1140 2779 1218 2836 ris
1266 2776 1560 2849 spiritalis:
1619 2794 1781 2852 egere
1831 2777 2084 2852 coepisti.
2142 2779 2209 2836 de
2257 2781 2314 2836 te
2361 2779 2537 2853 igitur
2576 2795 2608 2836 a
2647 2779 2738 2836 dei
2777 2779 2893 2836 filio
2936 2779 3149 2838 dictum

1143 2877 1254 2931 est:
1304 2871 1722 2931 mutuabitur
1776 2875 2093 2946 peccator
2150 2875 2215 2930 et
2271 2889 2391 2931 non
2452 2873 2691 2932 soluet.
2750 2874 2858 2931 tibi
2916 2874 3149 2933 dicitur:

1299 3029 1329 3076 3
1345 3027 1520 3075 Matth.
1539 3026 1654 3086 6,19
1723 3026 1781 3075 10
1796 3025 1971 3074 naeth.
1982 3026 2058 3084 22,
2071 3025 2132 3073 20
2200 3026 2259 3076 14
2275 3024 2412 3075 Cant.
2430 3026 2475 3083 7,
2489 3026 2548 3075 13
2608 3026 2674 3075 24
2689 3026 3049 3078 Psalmxxxv
3050 3028 3076 3076 1
3092 3029 3149 3078 21

1209 3124 1232 3171 1
1268 3122 1470 3186 pecunia
1500 3121 1550 3168 P
1639 3121 1669 3169 2
1702 3119 1851 3167 bonas
1882 3119 1925 3182 (s
1955 3130 1992 3168 s.
2025 3122 2095 3179 u.)
2128 3119 2191 3167 P‘
2223 3118 2350 3168 bona
2378 3120 2526 3169 PDC'
2628 3121 2656 3169 3
2687 3134 2783 3168 non
2818 3135 2967 3184 erugo
2999 3122 3155 3185 possit

1144 3202 1258 3251 DP‘
1352 3202 1383 3248 4
1414 3213 1509 3247 non
1541 3201 1790 3261 penetrare
1820 3197 1956 3246 tinea
1985 3211 2077 3246 om.
2109 3198 2273 3259 spatio
2304 3198 2472 3248 relicto
2502 3198 2617 3248 DP'
2713 3200 2743 3247 5
2775 3197 3002 3249 thesauro
3039 3202 3156 3250 libri

1208 3276 1320 3327 csed
1351 3278 1399 3340 (c
1430 3280 1573 3337 eras.)
1607 3276 1656 3323 P
1686 3274 1770 3323 sed
1803 3274 1863 3323 de
1895 3275 1947 3323 D
2073 3275 2103 3323 6
2135 3276 2381 3339 pecuniam
2413 3279 2478 3339 (m
2512 3276 2623 3337 del.)
2656 3276 2707 3324 P
2830 3278 2858 3326 7
2892 3281 2949 3327 ut
2980 3278 3157 3327 addidi

1209 3356 1502 3406 centisimam
1536 3355 1584 3402 P
1614 3354 1955 3403 centensimam
1996 3354 2044 3402 V
2164 3354 2249 3403 sed
2280 3357 2337 3403 ut
2368 3357 2443 3419 (ut
2475 3356 2589 3404 add.
2622 3358 2725 3416 m3)
2764 3356 2810 3404 Τ
2924 3358 2954 3406 8
2985 3357 3083 3406 fert
3117 3357 3159 3406 G

1145 3438 1177 3484 9
1208 3439 1502 3483 nomcratam
1536 3434 1584 3481 P
1678 3433 1736 3481 10
1768 3435 1943 3495 optutu
1975 3432 2073 3481 PT
2102 3433 2275 3482 obtutu
2298 3433 2410 3482 1³¹0
2437 3433 2656 3482 obtutum
2690 3436 2774 3482 c'et.
2901 3450 3083 3498 pecnae
3114 3436 3156 3482 V

1150 3515 1203 3562 11
1242 3513 1390 3575 certe]
1424 3526 1558 3561 exere
1591 3512 1665 3572 (in
1695 3525 1793 3559 ras.
1827 3514 1924 3567 m3,
1956 3511 2013 3558 in
2043 3526 2131 3574 my.
2165 3514 2249 3560 m2
2280 3516 2461 3571 exerce)
2501 3511 2547 3560 Τ
2737 3513 2950 3562 tabulam
2983 3528 3076 3564 om.
3107 3515 3156 3563 B

1151 3592 1209 3641 12
1242 3591 1431 3640 stabilis
1456 3590 1568 3638 DP‘
1602 3589 1856 3639 stauilibus
1878 3590 1928 3638 P
1957 3589 2208 3638 stabilibus
2233 3596 2316 3639 cet.
2413 3590 2692 3652 quadratam
2720 3608 2750 3637 α
2782 3591 3018 3655 quadrata
3042 3593 3157 3642 liba·

1152 3670 1209 3717 13
1242 3667 1400 3717 dictus
1432 3666 1531 3714 ΒΤ
1667 3669 1728 3716 14
1760 3673 1809 3716 et
1841 3683 1967 3717 noua
2005 3667 2047 3716 0
2183 3670 2240 3718 15
2276 3668 2686 3731 quemammodum
2730 3669 2771 3716 V
2897 3672 3155 3733 coniungat

1148 3749 1199 3795 in
1232 3761 1282 3795 se
1320 3746 1362 3795 G
1518 3747 1575 3795 17
1616 3746 1844 3808 pecuniae
1886 3746 1954 3807 (ni
1993 3761 2031 3795 s.
2072 3761 2121 3795 u.
2163 3747 2257 3809 m2)
2299 3747 2347 3794 V
2497 3749 2556 3795 19
2589 3749 2795 3809 possetis
2828 3749 2877 3796 P
2903 3750 3077 3812 positia
3115 3751 3161 3798 V

1212 3825 1468 3873 maledicta
1504 3840 1597 3873 nou
1632 3824 1681 3872 Β
1869 3825 1927 3873 21
1978 3824 2219 3873 fenerauit
2246 3826 2320 3883 (in
2356 3840 2456 3876 ras.
2497 3829 2595 3883 m3,
2636 3827 2693 3873 in
2730 3841 2818 3889 my.
2860 3832 2947 3875 ¹0⁸2
2985 3830 3076 3888 uit)
3115 3830 3161 3878 Τ

1215 3904 1295 3966 qui
1329 3904 1421 3952 scit
1453 3906 1561 3963 (ter)
1595 3904 1645 3951 B
1761 3905 1822 3953 22
1856 3904 2061 3952 recusati
2092 3904 2191 3952 ΒΤ
2313 3904 2496 3953 indicta
2527 3904 2640 3953 DP‘
2671 3904 2839 3967 indiga
2868 3906 2943 3969 (ig
2972 3907 3030 3955 in
3059 3923 3156 3957 rae.

1150 3985 1252 4040 m3)
1295 3983 1338 4029 Τ
1426 3984 1488 4031 23
1521 3998 1548 4030 a
1580 3996 1669 4030 om.
1704 3982 1918 4031 BDP'T
2007 3984 2070 4031 24
2101 3984 2247 4031 soluit
2278 3984 2326 4031 P
