4242 4694
866 705 905 761 :1

867 1745 905 1799 20

913 1568 959 1602 10

910 2026 960 2070 ιζ’,

1371 526 1445 574 De
1476 526 1649 590 Ioseph
1683 527 1728 582 6.
1760 527 1962 577 30-32.
2029 527 2072 586 (Ι
2102 529 2196 576 495
2227 527 2425 577 B-496
2458 528 2534 585 Δ).
2921 533 2995 588 95

1074 698 1375 759 Considera
1414 716 1557 759 nunc
1599 700 1760 757 illum
1800 717 1998 758 uerum
2038 700 2374 769 Hebraeum,
2416 702 2574 758 illum
2617 719 2724 759 non
2774 701 2995 771 somnii,

993 793 1096 851 sed
1144 793 1399 851 ueritatis
1449 796 1505 851 et
1552 793 1866 867 praeclarae
1917 794 2149 852 uisionis
2199 796 2572 868 interpretem,
2623 796 2719 867 qui
2775 795 2844 853 de
2898 795 2996 853 illa
3041 800 3085 848 D

994 888 1311 945 diuinitatis
1357 887 1702 961 plenitudine
1751 904 1814 945 ac
1863 888 2123 946 libertate
2174 889 2430 946 caelestis
2482 889 2692 963 gratiae
2741 889 2794 946 in
2844 889 2993 948 hunc

993 998 1320 1056 corporeum
1369 998 1643 1040 carcerem
1690 983 1925 1048 uenerit,
1976 999 2138 1055 quem
2190 1000 2295 1040 non
2346 983 2534 1056 potuit
2573 984 2783 1040 saeculi
2824 983 2992 1041 huius

993 1076 1274 1134 inlecebra
1319 1079 1555 1145 mutare,
1607 1093 1712 1134 non
1772 1077 1888 1134 ulla
1945 1077 2260 1150 corruptela
2315 1077 2623 1135 mundanae
2682 1077 2994 1151 uoluptatis

993 1174 1258 1240 euertere,
1307 1170 1403 1244 qui
1449 1172 1758 1244 temptatus
1806 1187 1911 1227 non
1963 1170 2190 1239 decidit,
2231 1170 2514 1244 adpetitus
2555 1188 2662 1228 non
2704 1171 2993 1245 adpetiuit,

992 1268 1274 1337 postremo
1323 1263 1634 1322 adulterina
1681 1263 1919 1338 quadam
1969 1281 2284 1341 synagogae
2331 1282 2497 1321 manu
2547 1269 2706 1322 ueste
2748 1265 2991 1338 corporis

993 1358 1371 1431 adprehensus
1421 1376 1634 1416 carnem
1688 1359 1856 1429 exuit,
1904 1359 2044 1416 liber
2088 1360 2286 1417 mortis
2336 1353 2630 1417 ascendit.'
2658 1360 2994 1416 calumniata

993 1456 1082 1511 est
1137 1454 1410 1519 meretrix,
1471 1454 1567 1509 ubi
1620 1470 1745 1510 eum
1795 1459 1980 1510 tenere
2029 1471 2135 1511 non
2183 1454 2386 1527 potuit,
2437 1445 2613 1526 quem'
2650 1469 2756 1511 non
2807 1469 2993 1511 carcer

990 1548 1208 1608 terruit.
1240 1564 1345 1605 non
1378 1547 1591 1605 inferna
1620 1551 1936 1605 tenuerunt.
1972 1548 2104 1620 quin
2141 1548 2308 1604 etiam
2343 1564 2449 1620 quo
2474 1547 2653 1605 ueluti
2678 1547 2988 1621 puniendus
3039 1556 3076 1604 E

993 1640 1369 1708 descenderat,
1412 1641 1539 1699 inde
1574 1641 1713 1698 alios
1745 1642 2038 1699 liberauit:
2073 1642 2171 1699 ubi
2204 1642 2311 1715 ipsi
2347 1641 2763 1715 stringebantur
2793 1641 2989 1699 mortis

991 1735 1233 1805 uincula,
1281 1736 1361 1792 ibi
1408 1736 1618 1794 laxauit
1664 1736 1783 1809 ipse
1832 1735 2058 1793 uincula
2102 1741 2466 1795 mortuorum.
2518 1736 2805 1793 considera
2860 1753 2989 1811 ergo

990 1829 1165 1886 istum
1229 1829 1545 1886 Hebraeum
1611 1830 1886 1887 dicentem
1950 1830 2037 1888 illi
2105 1830 2419 1904 praeposito
2493 1829 2821 1903 spadonum,
2894 1831 2991 1902 qui

991 1925 1334 1981 contraxerat
1389 1923 1655 1981 offensam
1713 1924 1942 1998 regiam,
1998 1941 2163 1998 quem
2220 1924 2542 1982 restituerat
2589 1924 2804 1981 muneri
2852 1940 2987 1982 suo:

993 2033 1252 2076 memor
1291 2022 1441 2075 esto
1483 2035 1608 2091 per
1655 2021 1874 2075 temet
1922 2019 2170 2093 ipsum,
2223 2034 2373 2076 cum
2422 2017 2559 2075 tibi
2608 2017 2782 2075 bene
2834 2018 2987 2085 erit,

993 2116 1062 2170 et
1107 2112 1337 2170 facies
1385 2112 1452 2168 in
1496 2129 1594 2168 me
1636 2112 2318 2172 misericordiam.et
2354 2128 2614 2169 memor
2654 2112 2795 2168 eris
2835 2112 2988 2168 mei.

990 2208 1116 2265 ideo
1165 2206 1408 2265 secundo
1456 2206 1734 2279 repetiuit,
1783 2223 1913 2279 qma
1960 2206 2175 2263 sciebat
2221 2224 2326 2263 non
2382 2205 2798 2264 recordaturum
2856 2205 2990 2278 quid
3038 2210 3076 2257 F

992 2301 1268 2359 euasisset
1332 2300 1582 2368 iniuriae,
1640 2316 1769 2357 cum
1825 2300 2130 2373 potentiam
2185 2300 2502 2373 recepisset.
2561 2299 2687 2356 ideo
2746 2299 2988 2357 secundo

991 2395 1296 2461 admonuit,
1347 2395 1475 2468 quia
1523 2393 1767 2451 secundo
1815 2393 2091 2462 liberauit,
2133 2397 2199 2451 ut
2238 2395 2285 2451 si
2326 2394 2526 2468 prioris
2566 2393 2820 2450 beneficii
2860 2410 2986 2450 eum

987 2488 1256 2546 memoria
1304 2505 1407 2544 non
1457 2474 1688 2555 teneret,
1737 2486 1830 2543 uel
1879 2486 2201 2560 posterioris
2251 2487 2482 2556 subiret,
2532 2504 2638 2545 non
2681 2487 2989 2561 despiceret

988 2587 1270 2640 auctorem
1299 2581 1496 2639 salutis
1532 2597 1683 2650 suae,
1717 2596 1823 2637 non
1855 2580 2065 2653 perfida
2097 2581 2567 2655 praeuaricatione
2598 2581 2853 2638 uiolaret.
2889 2580 2988 2638 sed

988 2676 1137 2749 quod
1184 2676 1345 2749 peius
1395 2677 1498 2742 est,
1549 2675 1659 2732 cito
1699 2673 1954 2732 beneficii
1995 2675 2200 2748 inrepit
2240 2675 2450 2733 obliuio
2492 2675 2660 2740 rebus
2702 2675 2981 2733 secundis.

985 2771 1236 2828 redditus
1296 2768 1477 2827 officio
1536 2785 1638 2826 suo
1695 2786 1801 2826 non
1860 2770 1948 2826 est
1999 2786 2215 2826 memor
2269 2770 2447 2827 factus
2496 2770 2833 2844 interpretis,
2884 2768 3156 2831 sed-1962&

1147 3019 1169 3066 1
1206 3017 1344 3066 Philo
1376 3017 1434 3065 de
1466 3016 1668 3076 Iosepho
1703 3017 1731 3065 6
1763 3015 1830 3076 (11
1862 3017 1941 3072 46,
1976 3017 2023 3075 7)
2120 3016 2149 3065 3
2184 3014 2363 3066 coloss.
2400 3017 2443 3072 2,
2470 3018 2499 3064 9
2597 3018 2654 3064 15
2681 3015 2796 3067 Gen.
2819 3017 2896 3072 40,
2926 3017 2984 3064 14

984 3098 1046 3146 23
1081 3096 1200 3146 Gen.
1233 3096 1310 3151 40,
1344 3096 1403 3144 23

1053 3280 1074 3325 1
1111 3290 1273 3323 uerum
1307 3274 1415 3322 NV
1440 3274 1593 3322 uirum
1625 3272 1722 3321 nD
1754 3274 1905 3321 uirum
1938 3274 2073 3321 inum
2111 3273 2152 3321 ο
2308 3274 2338 3320 2
2372 3234 2457 3320 isia
2490 3242 2756 3321 diuifiitatis
2779 3274 2853 3324 stu
2878 3274 2929 3334 (b
2954 3289 2982 3321 a

985 3356 1103 3403 add.
1136 3357 1237 3412 πθ)
1427 3354 1456 3400 3
1490 3351 1840 3414 pulchritudine
1874 3353 1970 3400 ΡΙ)
2142 3366 2197 3400 ac
2227 3351 2453 3399 libertate
2485 3351 2541 3399 N
2547 3351 2591 3398 V
2620 3351 2678 3398 ad
2711 3352 2982 3400 libertatem

987 3438 1105 3492 (tem
1136 3434 1223 3480 22⁸2
1253 3442 1312 3479 ex
1339 3433 1391 3480 te
1424 3431 1489 3490 P)
1522 3435 1605 3480 cet.
1719 3431 1747 3478 6
1780 3434 1992 3478 euertere
2024 3430 2130 3478 ΝΒ
2162 3433 2405 3480 euertere*
2434 3430 2478 3493 (t
2509 3433 2652 3489 eras.)
2692 3430 2735 3480 O
2764 3434 2981 3478 euertens

985 3516 1066 3561 cet.
1165 3512 1193 3557 7
1226 3510 1485 3571 sinagogae
1518 3509 1697 3557 PP'P‘·
1794 3509 1824 3556 8
1856 3508 2205 3571 adpraehensos
2239 3509 2286 3555 Β
2316 3508 2391 3569 (us
2425 3522 2483 3556 ex
2512 3508 2554 3554 is
2586 3511 2685 3567 m2)
2774 3510 2804 3556 9
2827 3523 2984 3556 carcer

984 3603 1077 3636 non
1111 3589 1169 3636 N
1313 3587 1372 3636 10
1401 3587 1529 3650 quod
1560 3588 1608 3634 Β
1636 3587 1694 3645 ·(d
1725 3591 1849 3649 exp.)
1887 3588 1933 3634 P
1966 3587 2015 3648 (d
2046 3592 2190 3646 eras.)
2224 3587 2301 3634 P‘'
2440 3587 2491 3635 11
2529 3585 2829 3634 discenderat
2858 3586 2908 3634 Β
2938 3592 2987 3634 et

989 3670 1129 3722 (corr.
1161 3668 1263 3725 m2)
1295 3665 1345 3713 P
1440 3667 1496 3714 12
1527 3666 1717 3713 uinculo
1741 3665 1840 3714 Do
1871 3667 2071 3713 uinculis
2092 3665 2149 3715 st·
2185 3666 2245 3725 (is
2278 3680 2335 3713 ex
2359 3680 2388 3713 a
2410 3667 2511 3723 m2)
2542 3664 2779 3713 21⁴⁴EP¹T
2870 3679 2979 3713 con-

986 3744 1143 3792 sidera
1176 3744 1224 3791 P
1254 3745 1301 3801 ’(ο
1336 3759 1393 3793 αι·
1424 3749 1473 3795 ιι)
1591 3746 1646 3793 15
1679 3744 1824 3792 fuerit
1854 3744 2030 3795 a‘·ET
2138 3744 2195 3792 16
2228 3743 2375 3792 facias
2405 3744 2454 3790 P
2566 3743 2622 3791 18
2653 3743 2903 3806 recipisset
2932 3743 2982 3791 Β

986 3829 1030 3871 et
1064 3827 1204 3881 (corr.
1236 3826 1338 3882 m2)
1375 3824 1419 3871 P
1512 3824 1572 3871 ‘20
1606 3823 1857 3886 dispiceret
1893 3827 2031 3881 (corr.
2065 3827 2158 3880 ml)
2192 3823 2239 3869 B
2272 3824 2413 3880 (corr.
2447 3824 2547 3871 ²222)
2581 3820 2688 3871 Pw
2774 3821 2833 3868 21
2869 3835 2981 3869 auc-

986 3903 1136 3950 torem
1171 3902 1217 3948 B
1252 3905 1295 3959 (c
1325 3915 1362 3950 s.
1395 3907 1465 3960 u.)
1572 3901 1751 3964 perfida
1781 3901 1838 3949 N
1845 3901 1937 3948 VD
1968 3905 2013 3948 et
2041 3902 2092 3962 (a
2124 3915 2181 3950 a
2211 3901 2275 3957 ia)
2311 3900 2406 3949 Po
2434 3897 2635 3961 perfidia
2663 3904 2748 3946 cet.
2845 3914 2979 3960 prae·

987 3979 1291 4027 uaricationis
1324 3979 1465 4027 P‘P'‘
1560 3980 1621 4027 22
1653 3978 1872 4026 secundis
1904 3978 2044 4025 rebus
2074 3978 2202 4028 91⁴‘E
2229 3978 2278 4025 in
2309 3975 2529 4024 secundis
2560 3975 2701 4023 rebus
2742 3975 2788 4022 V
