4242 4694
1125 506 1237 564 394
1934 500 2325 564 [Ambrosii]

1121 676 1324 736 terium
1373 692 1536 735 omne
1586 673 1961 734 damnandum
2010 676 2115 733 est.
2158 674 2394 749 denique
2436 673 2505 733 ad
2543 673 2893 749 prophetam
2933 672 3110 732 dicum

1121 774 1241 831 est:
1309 771 1473 829 uade
1552 769 1780 845 accipe
1843 768 1973 828 tibi
2035 785 2300 828 uxorem
2367 768 2821 828 fornicariam.
2883 767 3112 828 <lominus

1121 867 1227 924 hoc
1258 865 1433 936 iubet,
1468 881 1597 924 cum
1637 881 1704 923 ea
1743 881 1887 940 quae
1925 863 2197 924 fornicata
2233 862 2405 922 fuerit
2436 879 2561 922 esse
2594 861 2948 940 coniugium,
2979 862 3113 921 cuins

1121 959 1387 1036 coniugii,
1420 961 1488 1018 ut
1526 975 1696 1033 supra
1735 958 1993 1028 diximus,
2034 961 2228 1033 partus
2265 960 2359 1025 est
2397 955 2673 1018 Christus.
2718 973 2968 1033 namque
3000 957 3114 1027 filio,

1121 1053 1220 1129 qui
1260 1071 1325 1112 ex
1362 1052 1725 1113 fornicatione
1763 1055 1932 1112 natus
1971 1055 2074 1122 est,
2109 1070 2140 1111 a
2174 1051 2397 1111 domino
2437 1067 2637 1111 nomen
2675 1051 3013 1127 impositum
3045 1056 3116 1112 en
3146 1068 3165 1108 s

1120 1147 1385 1218 Iezrahel‚
1437 1147 1586 1222 quod
1635 1150 1724 1206 est
1771 1147 1961 1206 diuina
2009 1146 2312 1223 generatio.
2362 1146 2413 1205 si
2461 1163 2591 1224 ergo
2640 1146 2741 1221 pia
2784 1146 2894 1205 illa
2937 1146 3117 1221 eopnh

1119 1242 1464 1313 fornicariae,
1507 1242 1675 1300 etiam
1707 1242 1819 1300 ista
1848 1242 2043 1315 utique
2074 1242 2168 1316 pia
2198 1240 2439 1300 societas
2470 1241 2760 1299 adulterae
2791 1241 3000 1317 copula
3024 1242 3114 1300 est.

1123 1336 1223 1395 sed
1270 1337 1373 1394 illa
1420 1336 1488 1395 de
1535 1336 1777 1395 Iudaeis.
1829 1335 1897 1394 de
1946 1334 2151 1394 diuinis
2199 1338 2387 1394 autem
2427 1352 2536 1394 non
2577 1334 2757 1394 audeo
2797 1335 2944 1395 licet
2976 1334 3113 1411 pium

1123 1431 1461 1489 adulterium
1509 1431 1816 1499 nominare,
1858 1447 1927 1489 ne
1974 1447 2140 1504 quem
2187 1431 2282 1489 uel
2330 1447 2503 1489 sonus
2551 1429 2828 1489 sermonis
2873 1429 3112 1499 offendat,

1121 1524 1257 1585 licet
1310 1541 1512 1585 sensus
1566 1525 1879 1584 ueneratior
1932 1524 1989 1583 in
2045 1528 2307 1600 promptu
2365 1524 2458 1583 sit.
2509 1524 2657 1600 quod
2703 1526 2906 1599 potest
2950 1528 3168 1584 meu

1124 1620 1345 1679 cautius
1387 1619 1496 1679 dici
1539 1620 1647 1679 etsi
1687 1638 1794 1678 non
1834 1620 2169 1693 expressius,
2210 1637 2274 1679 ex
2315 1618 2633 1694 disparibus
2673 1619 2904 1693 copulis
2946 1622 3115 1680 contu·
3194 1651 3199 1702 Ι

1122 1715 1379 1775 bernium
1420 1715 1577 1790 pium
1614 1715 1827 1773 facturn
1871 1716 1973 1784 est,
2016 1731 2143 1773 cum
2185 1714 2420 1774 uerbum
2462 1731 2587 1775 caro
2625 1714 2846 1774 factum
2891 1717 3001 1774 est.
3027 1730 3115 1774 non

1124 1811 1258 1867 sunt
1311 1808 1458 1867 enim
1513 1808 1767 1885 legitima
1824 1808 2104 1868 consortia
2158 1808 2470 1868 diuinitatis
2527 1810 2585 1867 et
2649 1808 2836 1868 carnis
2906 1825 3016 1869 nec
3064 1809 3115 1868 tl

1125 1902 1365 1976 quodam
1420 1902 1642 1962 foedere
1696 1903 2035 1963 conueniunt
2088 1905 2315 1962 naturae
2371 1918 2498 1961 caro
2555 1901 2772 1960 animae
2831 1903 2895 1960 et
2960 1902 3110 1962 ani-

1126 1997 1293 2066 carni‚
1343 1998 1426 2054 ita
1475 1998 1644 2055 etiam
1694 1996 1959 2054 diffinitas
2009 1998 2067 2054 et
2105 2013 2231 2055 caro
2270 1997 2411 2055 iusti
2450 1998 2680 2054 seruant
2717 1992 3143 2070 quodammds

1125 2091 1236 2150 tori
1287 2089 1490 2167 legem.
1547 2091 1798 2166 suscepit
1853 2107 2074 2150 carnem
2132 2092 2289 2160 deus,
2346 2089 2665 2166 adsumpsit
2716 2089 2995 2162 animam,
3044 2104 3113 2166 pu
3162 2080 3190 2135 ὓ

1123 2183 1450 2243 inusitatam
1487 2202 1590 2245 nec
1627 2184 1936 2261 legitimam
1977 2185 2406 2245 incarnationem
2450 2185 2796 2245 consortium
2835 2185 2986 2245 fecit
3020 2200 3122 2246 en·

1124 2280 1461 2356 legitimum,
1501 2281 1570 2339 ut
1607 2280 1685 2339 sit
1723 2279 1861 2339 deus
1904 2280 2090 2339 omnia
2129 2282 2186 2339 et
2223 2281 2279 2338 in
2322 2280 2600 2340 omnibus.

1049 2374 1119 2433 51
1204 2374 1455 2448 Denique
1512 2369 1578 2433 ut
1632 2373 1778 2433 scias
1834 2390 1959 2433 esse
2013 2373 2360 2449 mysterium,
2417 2375 2781 2450 interpretare
2841 2371 3114 2435 uocabulo.

1125 2468 1310 2527 Dauid
1351 2468 1498 2526 enim
1538 2468 1594 2526 in
1634 2471 1769 2544 typo
1811 2468 2018 2542 accipis
2060 2467 2290 2539 Christi,
2330 2468 2605 2527 Betsabee
2644 2466 2760 2525 filia
2805 2468 3027 2529 sabbati
3061 2468 3171 2526 eta

1124 2562 1241 2620 filia
1277 2563 1444 2636 plena
1481 2564 1540 2620 et
1577 2566 1782 2638 puteus
1826 2563 2030 2621 dicitur
2066 2563 2383 2620 iuramenti.
2425 2562 2561 2636 quid
2599 2562 2774 2638 igitur
2817 2561 3111 2639 expressius

1126 2674 1293 2731 quam
1350 2657 1498 2731 quod
1553 2655 1669 2715 filia
1724 2657 1944 2715 sabbati
2001 2673 2124 2715 caro
2185 2656 2394 2715 Christi
2450 2659 2555 2727 est,
2606 2656 2737 2731 quia
2783 2658 2958 2716 misit
3003 2656 3118 2716 dm

1125 2751 1301 2810 filium
1362 2768 1527 2809 suum
1581 2752 1794 2810 factum
1850 2769 1911 2810 ex
1967 2751 2221 2820 muliere,
2276 2751 2489 2810 factum
2545 2751 2650 2810 sub
2705 2751 2886 2826 lege?
2943 2750 3126 2810 eadem

1124 2845 1304 2920 plena,
1347 2846 1478 2920 quia
1515 2846 1570 2903 in
1612 2847 1870 2922 passione
1904 2846 2048 2904 eius
2058 2846 2202 2922 legis
2235 2848 2325 2905 est
2354 2846 2641 2920 plenitudo
2674 2846 2767 2903 uel
2802 2846 2944 2920 quia
2975 2847 3133 2921 plena

1280 3031 1310 3079 2
1359 3029 1484 3080 Osee
1518 3030 1561 3090 1,
1593 3031 1623 3079 2
1747 3031 1779 3078 4
1827 3028 1884 3077 cf.
1920 3032 1963 3086 9,
1994 3029 2058 3078 48
2184 3032 2213 3078 5
2256 3028 2378 3078 Osee
2414 3030 2453 3083 1.
2488 3030 2517 3078 3
2551 3043 2620 3092 sq.
2750 3029 2808 3077 12
2849 3028 2960 3080 1012.
3000 3031 3046 3089 1,
3081 3031 3137 3079 14

1128 3107 1185 3157 18
1220 3108 1399 3160 Coloss.
1432 3111 1478 3167 3,
1515 3109 1569 3157 11
1667 3109 1731 3158 24
1760 3108 1893 3156 Rom.
1930 3108 2003 3165 13,
2041 3107 2099 3156 10

1188 3237 1217 3283 5
1252 3234 1334 3296 qui
1367 3233 1441 3296 ex]
1475 3233 1585 3295 qnia
1617 3247 1676 3281 ea
1706 3231 1753 3280 Β
1787 3232 1866 3295 qni
1901 3246 1959 3280 ea
1988 3232 2043 3280 Γ
2078 3233 2160 3294 qui
2193 3247 2249 3280 ex
2280 3246 2337 3280 es
2359 3231 2485 3280 B‘P‘
2575 3234 2604 3281 6
2636 3232 2842 3281 iesrahel
2863 3232 2930 3281 B‘
2958 3234 3142 3284 iemel

1125 3312 1294 3361 PP‘M
1317 3311 1405 3360 isrl'
1428 3311 1529 3359 BD
1551 3316 1596 3360 et
1621 3311 1696 3368 (in
1716 3326 1807 3373 my.
1833 3314 1915 3359 m3
1939 3311 2129 3368 iezrael)
2161 3311 2217 3359 T‘
2313 3311 2340 3358 7
2367 3311 2534 3373 utique
2558 3326 2647 3360 om.
2672 3309 2854 3359 NB‘P‘
2983 3314 3140 3362 socie·

1123 3391 1243 3439 tatis
1274 3391 1421 3439 tacite
1452 3390 1682 3439 Mam-ini
1807 3390 1978 3451 copula
2007 3389 2107 3438 TN
2133 3390 2355 3483 copulata
2385 3393 2491 3447 cem
2514 3390 2638 3449 sort.
2673 3389 2844 3452 copula
2877 3390 3141 3439 delendum

1127 3493 1186 3541 10
1212 3494 1481 3541 ueneratior
1511 3491 1612 3540 TN
1628 3492 1948 3540 uenerationis
1973 3497 2057 3541 cet.
2158 3492 2210 3540 11
2239 3492 2368 3554 pium
2392 3490 2569 3540 factum
2598 3494 2672 3540 est
2696 3461 3067 3542 contubernium
3101 3493 3146 3543 T

1129 3571 1187 3619 12
1220 3585 1324 3618 cnm
1356 3571 1429 3627 P',
1464 3584 1553 3619 om.
1587 3574 1670 3619 cet.
1834 3570 1891 3619 13
1925 3571 2048 3619 enim
2081 3584 2170 3619 om.
2205 3569 2265 3617 N
2408 3571 2465 3618 14
2499 3570 2790 3618 conueniunt
2818 3569 2991 3619 DPM
3021 3586 3139 3621 con·
3170 3580 3173 3582 ’

1126 3648 1324 3695 ueniant
1353 3665 1385 3710 χ
1417 3649 1729 3696 conueniente
1769 3647 1870 3696 TN
1894 3653 1939 3696 et
1972 3650 2066 3707 (40
2096 3663 2155 3696 a
2186 3652 2278 3708 ΛΑ)
2315 3648 2360 3695 Β
2456 3649 2513 3697 16
2560 3648 2716 3711 leg‘em
2750 3648 2816 3710 (le
2845 3648 2906 3696 in
2937 3654 3065 3710 ras.)
3099 3649 3147 3699 T

1188 3725 1341 3788 legem
1374 3726 1503 3774 thori
1533 3743 1565 3789 χ
1645 3727 1701 3775 17
1738 3726 2041 3789 consortium]
2075 3733 2133 3776 eu
2164 3725 2346 3775 furtiuo
2378 3726 2480 3775 TN
2552 3727 2609 3774 18
2644 3729 2695 3774 et
2724 3741 2814 3775 om.
2845 3725 2962 3775 DN
2964 3728 3147 3777 ΒῬΜ

1126 3805 1189 3853 20
1220 3805 1395 3866 accipis
1426 3805 1476 3853 in
1507 3808 1620 3867 typo
1652 3805 1694 3853 X
1802 3805 1962 3868 accipe
1995 3805 2104 3853 PM
2194 3805 2419 3854 betsabee
2457 3805 2504 3854 T
2527 3805 2755 3869 bersabee
2790 3805 2834 3853 Β
2865 3805 3141 3855 bethsabee

1125 3883 1205 3931 uel
1236 3883 1348 3946 -bee
1381 3888 1465 3932 cet.
1594 3887 1644 3932 et
1673 3884 1774 3932 fllia
1802 3883 1903 3932 TN
1920 3888 1964 3931 ct
1990 3886 2036 3944 (e
2067 3888 2152 3932 m3
2170 3885 2226 3933 in
2247 3884 2370 3947 ras.)
2402 3884 2457 3933 T‘
2484 3887 2540 3933 ut
2563 3884 2663 3933 filia
2686 3883 2788 3932 BD
2812 3886 2898 3932 aut
2920 3884 3023 3933 filia
3048 3892 3138 3934 oet.

1125 3962 1182 4010 21
1212 3962 1290 4009 uel
1323 3965 1493 4025 puteus
1524 3962 1649 4010 B‘P‘
