4242 4694
1106 523 1224 581 226
1931 518 2276 567 Ambrosii

1107 693 1351 757 fuerit,
1394 694 1476 750 ab
1517 693 1728 752 odore
1769 707 1990 764 aquae
2030 691 2351 760 florebit,
2392 690 2623 748 faciet
2661 692 2898 746 autem
2950 706 3120 746 mes·

1108 805 1252 846 sem
1317 787 1512 845 sicut
1581 787 1889 844 nouella.
1962 786 2073 844 uir
2143 790 2376 843 aut-em
2450 785 2835 842 defunctus
2910 784 3116 852 abiit,

1106 882 1365 940 cadens
1392 884 1624 940 autem
1648 880 1981 938 mortalis
2007 881 2208 939 homo
2237 897 2366 939 non
2401 881 2597 937 ultra
2629 882 2758 937 est.
2790 881 3117 951 tempore

1106 982 1341 1036 autem
1396 978 1719 1035 fluctuat
1772 992 1973 1034 mare.
2031 976 2415 1048 spectauimus
2470 973 2781 1048 prophetici
2837 972 3116 1030 sermonis

1105 1071 1390 1136 (seriem)
1458 1088 1522 1128 ex
1580 1070 1799 1128 duobus
1851 1069 2208 1128 inferioribus
2265 1069 2574 1136 elementis,
2631 1071 2778 1125 terra
2831 1082 2897 1123 ac
2957 1063 3116 1124 mari.
3164 1086 3186 1120 s

1106 1183 1249 1239 quae
1288 1166 1436 1224 omni
1476 1163 1710 1223 iniuriae
1751 1164 2069 1237 crebrisque
2108 1162 2542 1235 tempestatibus
2583 1161 2894 1220 subiacent.
2948 1175 3116 1233 quam
3214 1160 3235 1212 ί

1106 1258 1356 1317 ualidum
1420 1261 1808 1334 argumentum
1870 1259 2091 1315 nostrae
2156 1257 2428 1331 expressit
2490 1257 2817 1314 aerumnae!
2874 1257 3116 1322 terrena,

1106 1353 1305 1425 inquit,
1371 1353 1621 1427 uirgulta
1683 1368 2080 1424 nemorosaque
2146 1351 2421 1409 arborum.
2485 1351 2653 1408 etiam
2718 1367 2847 1408 cum
2908 1348 3119 1407 fuerint

1106 1449 1342 1512 mortua,
1404 1446 1462 1503 in
1535 1462 1673 1503 usus
1744 1446 1949 1503 uitales
2020 1448 2337 1519 resurgunt.
2411 1462 2560 1503 mare
2632 1461 2853 1519 quoque
2926 1444 3118 1516 ipsum

1105 1544 1424 1614 temporum
1464 1540 1611 1598 solet
1647 1539 1872 1597 uicibus
1911 1540 2200 1598 fluctuare.
2243 1542 2302 1597 at
2339 1558 2471 1599 uero
2512 1555 2639 1597 caro
2670 1541 2865 1596 nostra
2897 1553 3122 1612 semper
3147 1557 3186 1593 ιο

1107 1635 1396 1715 exaestuat
1433 1633 1652 1706 sibique
1692 1634 1816 1707 ipsa
1855 1635 2161 1707 tempestas
2202 1638 2291 1691 est
2329 1650 2431 1695 nec
2471 1649 2737 1705 umquam
2778 1648 2813 1687 a
2860 1630 3116 1689 motibus

1106 1728 1477 1801 procellarum
1515 1727 1956 1800 miserandisque
1995 1727 2299 1804 naufragiis
2338 1726 2584 1784 feriatur.

1032 1817 1109 1873 24
1190 1821 1353 1879 Cum
1401 1825 1637 1880 autem
1686 1821 2076 1889 dormierit,
2129 1839 2255 1880 non
2304 1824 2640 1896 resurget
2677 1837 2904 1894 usque
2965 1821 3117 1878 dum

1110 1917 1379 1974 caelum
1454 1933 1583 1974 non
1647 1916 2011 1978 adsuatur.
2079 1917 2226 1989 quod
2293 1916 2519 1974 uidetur
2578 1916 2871 1985 declarare,
2939 1915 3117 1974 donee
3214 1922 3235 1973 1

1109 2011 1322 2067 caelum
1353 2013 1622 2075 nouatum
1650 2010 1791 2067 erit
1815 2009 1960 2066 enim
1996 2009 2267 2067 caelum
2302 2026 2557 2068 nouum
2590 2012 2659 2066 et
2688 2011 2879 2066 terra
2913 2025 3116 2077 noua,
3149 2026 3189 2064 ιε

1108 2103 1258 2161 sicut
1297 2102 1567 2177 scriptum
1607 2109 1713 2161 est.
1754 2102 1904 2177 quod
1944 2104 2090 2160 enim
2131 2103 2387 2161 adsuitur
2416 2108 2585 2161 uetus
2622 2106 2727 2173 est,
2761 2102 2911 2176 quod
2945 2105 3120 2161 uetus

1108 2200 1197 2255 est
1240 2197 1569 2257 mutabitur.
1618 2197 1860 2270 denique
1908 2197 2039 2254 audi
2088 2197 2397 2256 dicentem:
2447 2197 2661 2254 initio
2717 2200 2981 2255 terram
3038 2200 3121 2256 tu

1107 2291 1457 2359 fundasti,
1509 2291 1806 2359 domine,
1856 2293 1925 2349 et
1972 2308 2188 2365 opera
2234 2308 2555 2349 manuum
2602 2294 2884 2349 tuarum
2945 2295 3120 2350 suut

1111 2385 1317 2444 caeli.
1359 2385 1504 2458 ipsi
1544 2384 1901 2458 peribunt,
1944 2388 2021 2442 tu
2062 2388 2296 2443 autem
2333 2401 2720 2458 permanes,
2763 2388 2834 2442 et
2871 2401 3117 2445 omnes

1110 2478 1305 2537 sicut
1358 2480 1873 2538 uestimentum
1933 2481 2411 2546 ueterescent‚
2469 2482 2538 2537 et
2593 2480 2786 2537 sicut
2836 2482 3190 2552 operto-m

1107 2573 1287 2630 rium
1350 2572 1664 2630 mutabis
1731 2590 1849 2632 eos
1913 2579 1984 2630 et
2038 2572 2525 2631 mutabuntur.
2579 2589 2882 2646 possumus
2943 2573 3116 2632 etiam

1106 2666 1249 2724 illud
1289 2665 1561 2734 adtexere,
1602 2668 1862 2740 quoniam
1903 2667 2051 2740 quod
2093 2670 2262 2724 uetus
2295 2663 2383 2727 est
2413 2667 2685 2737 adsuitur,
2720 2667 2868 2741 quod
2901 2685 3118 2727 nouum

1109 2760 1347 2833 cogitur.
1381 2775 1413 2816 a
1455 2759 1704 2817 diebus
1746 2763 1979 2819 autem
2018 2761 2361 2819 Iohannis
2400 2762 2781 2836 Baptistae
2820 2778 3115 2836 regnum
3219 2771 3235 2821 1

1111 2854 1461 2912 caelorum
1537 2854 1841 2929 cogitur,
1916 2859 1984 2912 et
2055 2858 2398 2929 cogentes
2471 2855 2829 2930 diripiunt
2898 2856 3114 2918 illud.

1111 2947 1383 3005 adsuebat
1446 2963 1577 3022 ergo
1635 2947 1776 3005 illud
1836 2965 2118 3024 synagoga
2173 2949 2228 3006 in
2282 2950 2498 3026 paucis,
2555 2948 2794 3007 ecclesia
2848 2950 3004 3027 cogit
3058 2952 3116 3010 in
3145 2968 3189 3005 ιι

1268 3086 1327 3135 13
1357 3085 1443 3134 Iob
1481 3088 1554 3144 14,
1592 3087 1649 3134 12
1763 3086 1822 3134 15
1854 3086 1980 3137 Esai.
2014 3088 2089 3141 65,
2126 3086 2183 3134 17
2299 3088 2355 3134 16
2387 3086 2560 3136 Matth.
2594 3088 2638 3145 9,
2674 3089 2732 3137 16
2847 3088 2905 3136 17
2938 3089 3116 3140 Psalm.

1113 3164 1176 3214 CI
1207 3166 1266 3213 26
1299 3179 1369 3227 sq.
1467 3166 1528 3214 23
1558 3165 1732 3214 Matth.
1769 3166 1841 3220 11,
1879 3165 1936 3213 12

1178 3267 1201 3319 l
1238 3265 1296 3313 ab
1330 3266 1382 3324 (d
1412 3281 1451 3314 a.
1482 3266 1514 3314 b
1547 3269 1648 3324 ms)
1684 3266 1875 3315 odorem
1907 3268 1957 3315 P
1986 3267 2044 3315 ad
2078 3267 2269 3315 odorem
2292 3266 2402 3315 P‘C
2489 3269 2520 3315 4
2553 3269 2870 3331 spectauimus
2896 3269 2948 3317 P
2972 3274 3016 3329 (s
3030 3285 3114 3332 pr.

1113 3360 1170 3393 ex
1201 3347 1273 3401 ex)
1321 3345 1671 3407 expectauimus
1703 3345 1864 3394 DP‘C'
2015 3347 2044 3394 5
2093 3347 2260 3394 seriem
2294 3346 2409 3394 add.
2447 3346 2677 3394 Gelenius
2864 3350 2939 3410 ac]
2983 3352 3038 3397 et
3068 3350 3117 3397 Β

1112 3425 1140 3473 6
1175 3422 1442 3486 crebrisque
1472 3422 1523 3470 P
1554 3425 1597 3481 (r
1622 3438 1697 3483 pr.
1731 3438 1767 3471 s.
1800 3427 1870 3481 u.)
2014 3425 2175 3485 quam]
2208 3423 2334 3486 quod
2367 3425 2416 3471 Β
2535 3425 2593 3473 10
2626 3425 2809 3473 uicibus
2843 3425 2970 3474 solet
2998 3425 3116 3477 DP'

1175 3501 1234 3550 ad
1267 3501 1315 3548 P
1411 3503 1463 3549 11
1501 3505 1690 3549 aestuat
1721 3502 1768 3548 Β
1865 3503 1922 3550 12
1953 3501 2233 3550 miserandis
2267 3507 2375 3562 (om.
2412 3506 2522 3565 que)
2557 3504 2605 3552 Β
2732 3505 2789 3552 13
2820 3507 3045 3567 resurget
3078 3505 3121 3553 G

1113 3580 1319 3641 resurgit
1350 3585 1432 3630 cet.
1541 3581 1598 3627 14
1629 3594 1722 3626 non
1757 3594 1844 3626 om.
1879 3580 1928 3626 B
2025 3582 2082 3626 15
2117 3582 2240 3628 enim
2274 3596 2362 3629 om.
2398 3581 2510 3629 ΒΡ
2667 3597 2838 3631 nouum
2875 3585 3030 3647 celum
3064 3585 3117 3634 D

1173 3660 1328 3705 terra·
1358 3672 1509 3705 noua·
1539 3659 1589 3705 P
1617 3658 1681 3720 (m
1717 3659 1791 3705 bis
1822 3663 1963 3717 eras.)
2090 3660 2143 3706 17
2180 3663 2254 3707 est
2285 3676 2372 3707 om.
2406 3660 2521 3709 DP‘
2667 3661 2933 3711 mutabitur
2967 3664 3013 3710 B
3046 3664 3117 3724 (bi

1111 3750 1147 3782 a.
1173 3739 1246 3794 u.)
1375 3736 1486 3783 audi
1520 3736 1664 3784 dauid
1696 3735 1786 3784 dic.
1813 3736 1923 3784 DP¹
2034 3739 2082 3785 in
2117 3738 2255 3788 initio
2280 3739 2328 3785 Β
2438 3744 2490 3787 tu
2525 3755 2614 3788 om.
2638 3741 2688 3788 Β
2784 3742 2844 3790 19
2876 3747 2926 3790 et
2950 3757 3118 3792 omnes

1113 3830 1201 3862 om.
1244 3813 1357 3862 DP'
1514 3815 1575 3862 20
1623 3817 1924 3863 ueterascent
1961 3816 2117 3864 BP'C
2301 3820 2488 3879 opertio
2531 3823 2692 3879 (eras.)
2740 3821 3031 3881 opertorium
3070 3824 3121 3872 P

1114 3894 1170 3941 21
1208 3893 1553 3941 mutuabuntur
1583 3893 1632 3940 P
1662 3896 1712 3951 (u
1748 3894 1832 3941 alt.
1866 3908 1903 3942 a.
1937 3899 2007 3952 u.)
2118 3896 2180 3943 ⁴24
2214 3898 2262 3943 et
2294 3899 2462 3957 gentes
2497 3896 2608 3945 DP¹
2710 3900 2771 3947 25
2804 3900 3040 3962 sinagoga
3071 3902 3122 3950 P

1176 3972 1407 4034 sinagoga
1436 3971 1557 4019 illud
1588 3971 1637 4017 Β
