4242 4694
1116 540 1229 598 262
1947 534 2289 583 Ambrosii

1116 708 1403 779 terreni,
1452 711 1823 783 portemus
1883 715 1955 765 et
2015 708 2396 783 imaginem
2460 708 2676 768 huius
2742 709 3111 772 caelestis.

1112 804 1382 863 bonorum
1437 820 1570 879 ergo
1625 796 1899 876 imagines
1954 805 2316 875 perseuerant
2370 805 2428 861 et
2480 802 2537 861 in
2591 803 2692 864 illa
2744 801 2836 861 dei
2886 803 3114 864 ciuitate

1114 898 1484 973 resplendent.
1534 899 1584 956 si
1633 898 1758 973 quis
1799 899 1987 956 autem
2027 897 2097 955 ad
2137 897 2394 974 grauiora
2429 899 2658 971 peccata
2695 896 2980 956 deflexerit
3016 914 3111 956 nec

1114 993 1292 1068 egerit
1341 991 1758 1066 paenitentiam,
1813 991 2001 1067 imago
2058 991 2177 1050 eius
2234 991 2488 1049 aboletur
2539 991 2634 1049 uel
2688 990 2910 1062 eicitur,
2967 992 3112 1051 sicut

1112 1087 1292 1146 Adam
1340 1087 1406 1146 de
1452 1086 1708 1160 paradiso
1750 1084 1963 1144 eiectus
2004 1088 2093 1143 est
2131 1087 2190 1143 et
2227 1087 2505 1144 exclusus.
2544 1084 2885 1160 quicumque
2924 1088 3110 1145 autem
3141 1084 3197 1144 ¹¹

1112 1181 1202 1255 pie
1248 1181 1592 1254 honesteque
1640 1197 1701 1239 se
1748 1180 1988 1256 gesserit
2034 1179 2202 1237 intrat
2248 1166 2304 1236 in
2354 1179 2640 1237 ciuitatem
2691 1179 2780 1238 dei
2839 1183 2897 1238 et
2949 1178 3115 1238 infert

1113 1275 1413 1351 imaginem
1456 1291 1633 1345 snam,
1675 1278 1741 1332 ut
1777 1274 1832 1331 in
1875 1274 1973 1332 illa
2011 1273 2100 1331 dei
2140 1273 2356 1349 fulgeat
2403 1273 2649 1332 ciuitate.
2700 1273 3002 1343 domine,
3048 1273 3111 1332 in

1113 1369 1420 1427 ciuitate
1459 1370 1581 1426 tua
1611 1368 1959 1443 imagines
1991 1368 2318 1442 ipsorum
2353 1368 2433 1426 ad
2465 1369 2768 1426 nihilum
2800 1368 3112 1443 rediges,

1114 1463 1244 1537 quia
1300 1463 1396 1521 isti
1450 1464 1504 1521 in
1560 1462 1772 1521 lumine
1826 1462 2041 1539 fulgere
2098 1480 2205 1521 non
2261 1465 2499 1536 possunt
2546 1462 2643 1543 qui
2690 1462 3008 1522 tenebrosis
3054 1479 3111 1520 se

1114 1557 1373 1632 operibus
1426 1556 1742 1615 induerunt.
1802 1556 2115 1632 exemplum
2170 1572 2516 1615 arcessamus
2571 1556 2641 1616 de
2689 1558 2936 1617 saeculo.
2988 1556 3162 1616 uides

1114 1651 1579 1727 quemadmodum
1633 1652 1689 1709 in
1747 1650 2070 1709 ciuitatibus
2132 1651 2400 1717 bonorum
2463 1650 2775 1727 principum
2837 1650 3112 1728 imagines

1111 1748 1486 1822 personarent,
1528 1745 1818 1803 deleantur
1855 1745 2126 1822 imagines
2165 1748 2542 1819 tyrannorum.

952 1840 1016 1916 9,
1035 1840 1108 1898 25
1187 1840 1341 1899 Haec
1379 1856 1508 1915 ergo
1542 1839 1897 1898 considerans
1930 1839 2224 1912 animoque
2253 1839 2546 1898 intendens
2581 1843 2808 1898 sanctus
2842 1840 3115 1915 propheta
3187 1837 3198 1886 ¹

1113 1934 1422 1993 delectatus
1456 1937 1560 2003 est,
1602 1934 1696 2007 qui
1738 1934 1921 1991 fuerat
1959 1938 2084 1991 ante
2123 1934 2402 1993 turbatus.
2442 1934 2592 1992 unde
2630 1934 2712 1992 ait
2747 1934 2907 2007 ipse:
2950 1933 3119 2010 quia

1114 2029 1554 2087 delectatum
1613 2031 1724 2085 est
1781 2044 1898 2085 cor
1951 2045 2171 2086 meum
2230 2031 2299 2085 et
2351 2045 2553 2086 renes
2607 2028 2741 2086 mei
2797 2025 3198 2086 resolutis!

1115 2125 1298 2181 sunt.
1348 2125 1418 2181 et
1464 2138 1589 2197 ego
1641 2121 1723 2180 ad
1771 2121 2075 2180 nihilum
2122 2122 2460 2181 redactus
2511 2138 2659 2182 sum
2708 2125 2777 2181 et
2826 2121 3120 2182 nesciui

1115 2220 1184 2275 et
1244 2215 1452 2275 uelut
1500 2215 1893 2275 iumentum
1947 2216 2187 2275 factus
2255 2234 2402 2275 sum
2466 2217 2647 2292 apud
2710 2219 2796 2277 te.
2855 2220 2932 2277 et
2990 2232 3120 2294 ege

1116 2327 1388 2385 semper
1466 2313 1716 2369 tecum.
1796 2311 1944 2368 ‘cum
2015 2310 2426 2388 cognouissem'
2494 2311 2678 2387 inquit
2748 2311 2905 2386 ‘quia
2976 2296 3123 2372 dens

1113 2405 1355 2463 humana
1400 2407 1560 2462 curat
1607 2407 1666 2462 et
1708 2404 1954 2479 respicit,
2002 2404 2394 2480 requieuerunt
2439 2422 2600 2465 renes
2648 2405 2798 2474 mei,’
2837 2406 2949 2467 hoc
2989 2410 3121 2466 est:

1117 2517 1179 2556 ex
1248 2499 1487 2556 maxima
1555 2499 1882 2575 fatigatione
1953 2499 2160 2557 ueteris
2230 2499 2613 2574 inprudentiae
2683 2499 2944 2575 requieui
3015 2518 3117 2574 per
3140 2519 3187 2556 so

1117 2592 1455 2669 agnitionem
1496 2593 1626 2651 boni
1666 2594 1923 2651 caelestis
1965 2596 2024 2651 et
2061 2593 2287 2668 gratiae.
2330 2596 2461 2651 sunt
2493 2594 2661 2652 etiam
2696 2594 2923 2668 quidam
2950 2608 3103 2651 renes

1118 2687 1350 2755 animae,
1411 2687 1506 2761 qui
1563 2690 1831 2745 uexantur
1883 2687 1940 2745 in
1989 2687 2148 2745 nobis
2195 2704 2294 2762 per
2338 2687 2680 2763 ignorantiae
2727 2690 2995 2748 laborem:
3039 2685 3102 2745 hi

1117 2782 1478 2840 resoluuntur
1517 2780 1586 2837 ad
1626 2780 2088 2854 requiescendum
2127 2781 2385 2840 caelestis
2426 2783 2703 2859 agnitione
2743 2782 3024 2842 doctrinm
3053 2791 3113 2839 et

1120 2875 1280 2949 quasi
1311 2875 1489 2933 fulcro
1524 2875 1763 2949 quodam
1796 2875 2118 2936 caelestium
2151 2879 2569 2950 praeceptorum
2593 2877 2813 2935 subnixi
2834 2877 3113 2936 sonentur.

1120 2972 1290 3027 ‘tunc'
1335 2969 1520 3042 inquit
1564 2970 1828 3028 ‘intellexi
1877 2969 2008 3043 quia
2052 2987 2194 3028 nane
2234 2970 2524 3045 fatigabar,
2568 2971 2827 3044 quoniam
2868 2971 2930 3029 id
2970 2969 3123 3044 quod
3146 2987 3190 3026 ιι

1004 3068 1079 3125 26
1121 3081 1317 3124 uerum
1359 3065 1449 3121 est
1485 3064 1843 3121 nesciebam.³
1882 3067 1948 3121 et
1988 3064 2194 3124 uelut
2233 3064 2625 3122 iumentum
2665 3065 2906 3123 factus
2950 3081 3121 3122 sum.

1279 3296 1308 3344 6
1340 3293 1486 3358 Apoc.
1521 3295 1564 3352 3,
1599 3296 1658 3344 12
1780 3295 1799 3342 ἶ
1831 3294 2007 3343 Psalm.
2042 3294 2216 3343 LXXII
2249 3295 2310 3343 20
2423 3295 2481 3343 14
2511 3294 2684 3342 Psalm.
2718 3293 2896 3343 LXXII
2928 3295 3124 3351 21—28

1187 3449 1216 3497 3
1241 3452 1397 3497 antem
1421 3463 1510 3497 om.
1536 3449 1586 3497 B
1678 3449 1707 3497 6
1733 3462 1783 3497 se
1807 3463 1897 3497 om.
1922 3445 2056 3497 DP'
2127 3450 2156 3498 8
2180 3449 2402 3511 imaginis
2425 3448 2476 3496 P
2594 3448 2773 3511 redigis
2794 3448 2867 3496 P'
2927 3449 2960 3498 9
2980 3452 3127 3498 tene-

1125 3528 1222 3575 bris
1245 3527 1291 3575 B
1388 3528 1445 3576 10
1476 3541 1767 3576 accersemns
1791 3527 1903 3576 DP‘
1935 3528 2245 3576 accersiamns
2274 3526 2314 3575 0
2407 3528 2465 3576 12
2488 3526 2712 3590 imaginis
2733 3526 2783 3575 P
2874 3526 2936 3576 15
2958 3542 3127 3577 meum

1126 3607 1174 3655 P
1205 3610 1255 3665 (n
1284 3621 1324 3655 e.
1352 3611 1424 3666 u.)
1609 3607 1665 3656 15
1714 3611 1756 3654 et
1793 3607 1849 3655 19
1880 3606 2005 3654 renis
2037 3606 2086 3654 P
2257 3606 2314 3654 18
2363 3606 2687 3668 cognouissem
2720 3605 2768 3653 P
2797 3608 2840 3664 (s
2863 3619 2945 3666 pr.
2977 3620 3018 3654 e.
3048 3609 3125 3668 υ.)

1132 3679 1189 3734 19
1220 3685 1428 3734 hnmana
1457 3684 1508 3733 P
1534 3685 1616 3746 (na
1643 3699 1681 3733 e.
1714 3687 1783 3744 u.)
1895 3685 1953 3734 21
1990 3685 2153 3747 etiam]
2188 3685 2311 3733 enim
2345 3685 2583 3734 &oster-ius
2704 3697 2839 3732 renes
2868 3683 2922 3732 P
2951 3687 2999 3742 (e
3034 3685 3129 3734 alt.

1130 3778 1187 3812 ex
1217 3765 1253 3822 i)
1349 3764 1411 3812 22
1441 3763 1492 3811 hi
1524 3764 1573 3811 Β
1604 3764 1672 3811 hii
1704 3767 1787 3811 cet.
1881 3764 1941 3812 23
1973 3763 2359 3825 requiescendum
2390 3763 2440 3811 P
2470 3762 2521 3823 (d
2551 3777 2611 3812 ex
2639 3766 2682 3825 t)
2774 3762 2837 3810 24
2864 3760 3058 3812 fulchro
3086 3762 3133 3812 0

1129 3842 1325 3903 pulchro
1349 3841 1398 3889 P
1433 3844 1476 3893 (r
1505 3855 1542 3890 e.
1566 3847 1634 3899 u.)
1670 3846 1751 3890 eet.
1870 3846 1985 3902 post
2017 3837 2218 3903 quodam
2251 3843 2305 3889 in
2329 3841 2440 3890 DP‘
2470 3827 2682 3902 spatium
2713 3844 2783 3889 est
2809 3843 2842 3888 6
2872 3839 2970 3890 litt.
3003 3855 3127 3904 quo·

1132 3919 1239 3967 dam
1269 3919 1418 3967 fulcro
1452 3936 1484 3965 α
1514 3924 1559 3968 et
1590 3919 1711 3967 liber
1741 3919 2062 3981 bybliothecae
2093 3921 2434 3969 canonicorum
2464 3933 2501 3967 s.
2535 3918 2781 3967 Ambrosii
2912 3920 2976 3970 25
3007 3920 3131 3970 fati-

1133 3996 1273 4044 cabar
1303 3996 1352 4044 P
1380 3996 1595 4059 patiebar
1625 3996 1736 4044 DP‘
1831 3997 1891 4045 26
1925 4001 1998 4045 est
2029 4012 2117 4046 om.
2150 3997 2262 4045 DP¹
2386 3996 2540 4045 factus
2573 3997 2622 4045 P
2651 4001 2691 4054 (s
2718 3998 2778 4045 in
2807 4000 2932 4057 ras.)
