4242 4694
1225 522 1301 571 De
1324 521 1562 584 interpell.
1581 521 1668 570 Iob
1693 524 1743 570 et
1762 521 1920 569 Dauid
1936 520 2035 570 1111
2054 521 2135 580 (11)
2154 523 2198 570 5.
2216 521 2261 578 6,
2281 522 2355 568 21.
2374 522 2434 569 22
2467 520 2509 581 (Ι
2526 523 2617 570 645
2634 520 2832 571 E-646
2848 523 2929 582 D).
2992 525 3105 583 283

1175 693 1393 766 Quare
1424 711 1520 752 me
1555 693 1807 753 oblitus
1842 711 1909 752 es
1945 697 2002 751 et
2034 711 2233 768 quare
2266 712 2362 752 me
2395 694 2799 768 reppulisti?
2833 694 2971 753 deus
2995 698 3212 753 non646
3235 696 3279 746 A

1091 788 1455 847 obliuiscitur
1485 821 1561 832 —
1593 788 1918 863 inpossibile
1962 793 2049 846 est
2088 789 2234 847 enim
2275 791 2341 846 ut
2380 789 2762 858 obliuiscetur,
2797 789 2888 848 cui
2921 790 3104 848 omnia
3150 792 3192 840 B

1092 899 1243 956 quae
1284 886 1419 940 sunt
1456 883 1606 940 facta
1645 885 1705 940 et
1739 883 1929 940 futura
1968 883 2280 956 praesentia
2321 885 2452 940 sunt
2481 916 2576 951 —‚
2610 883 2712 940 sed
2752 887 2943 940 nostra
2980 900 3105 957 pec-

1093 979 1228 1034 cata
1280 976 1542 1035 meritum
1584 976 1635 1035 ei
1676 977 1976 1036 Obliuionis
2033 977 2349 1045 infundunt,
2391 982 2457 1035 ut
2513 977 2770 1035 obliteret
2823 994 2920 1035 eos
2962 995 3104 1052 quos

1038 1093 1062 1130 ε
1093 1070 1359 1147 indignos
1417 1088 1520 1129 sua
1574 1071 1891 1129 uisitatione
1958 1072 2303 1146 cognouerit;
2369 1088 2479 1130 eos
2546 1071 2689 1129 enim
2757 1071 3109 1147 cognoscit

1094 1163 1403 1225 dominus
1463 1165 1575 1239 qui
1633 1167 1787 1224 sunt
1840 1165 2074 1239 ipsius.
2129 1169 2313 1224 tamen
2370 1165 2467 1224 ubi
2525 1165 2696 1239 aliqui
2752 1166 3105 1239 iniquitatem

1093 1262 1413 1333 operantur,
1453 1258 1542 1317 his
1583 1259 1741 1318 dicit:
1787 1276 1909 1319 non
1949 1260 2105 1317 noui
2146 1278 2282 1319 uos.
2324 1260 2449 1333 quis
2490 1262 2579 1318 est
2617 1277 2747 1336 ergo
2790 1260 2886 1334 qui
2924 1261 3108 1334 possit

1095 1353 1205 1412 deo
1246 1353 1453 1411 dicere:
1496 1370 1694 1427 quare
1736 1372 1831 1412 me
1873 1354 2124 1413 oblitus
2167 1359 2274 1413 es?
2314 1354 2415 1413 sed
2453 1357 2639 1413 tamen
2673 1371 2965 1413 commune
2998 1355 3103 1412 hoc

1094 1447 1311 1506 sanctis
1351 1448 1623 1521 nobisque
1662 1448 1971 1507 infirmibus
2013 1455 2116 1508 est.
2161 1452 2388 1507 sanctus
2429 1449 2568 1508 dicit
2606 1449 2764 1523 quasi
2796 1449 2982 1507 meriti
3015 1449 3103 1507 sui
3150 1450 3191 1500 c

1019 1565 1061 1601 ιο
1095 1541 1381 1611 conscius,
1430 1545 1490 1601 et
1541 1545 1724 1601 tamen
1784 1559 1892 1617 quo
1951 1544 2206 1612 sanctior,
2265 1544 2370 1602 hoc
2426 1544 2705 1601 humilior.
2754 1543 2954 1617 quodsi
3009 1543 3103 1601 uix

1094 1640 1329 1695 sanctus
1371 1635 1526 1705 dicit,
1569 1636 1703 1710 quid
1745 1652 1848 1710 ego
1891 1635 2072 1694 dicam
2111 1638 2385 1710 peccator,
2427 1638 2537 1694 nisi
2569 1637 2637 1694 ad
2670 1637 2811 1694 illud
2841 1636 3101 1694 referam:

1094 1746 1270 1805 quare
1327 1730 1509 1805 operis
1567 1730 1656 1788 tui
1707 1730 1916 1789 oblitus
1977 1748 2055 1796 es,
2098 1748 2264 1804 quare
2320 1731 2660 1789 uisitationis
2712 1735 2840 1788 tuae
2892 1730 3102 1789 oblitus

1095 1843 1178 1895 es,
1212 1829 1497 1900 postremo
1532 1842 1699 1899 quare
1731 1824 2067 1883 infirmitatis
2100 1842 2255 1884 meae
2289 1825 2495 1885 oblitus
2529 1831 2626 1884 es?
2667 1826 2800 1899 quid
2834 1829 2921 1883 est
2953 1826 3102 1883 enim

1094 1920 1267 1978 homo
1308 1918 1418 1977 nisi
1458 1918 1589 1993 quia
1628 1919 1827 1977 uisitas
1869 1923 2034 1977 eum?
2083 1936 2189 1978 non
2239 1937 2368 1995 ergo
2411 1919 2760 1978 obliuiscaris
2799 1920 3100 1977 infirmum.

1021 2038 1068 2074 ιι
1099 2016 1401 2083 memento,
1444 2013 1682 2081 domine,
1724 2015 1856 2086 quia
1905 2014 2184 2071 infirmum
2235 2032 2324 2072 me
2380 2014 2586 2084 fecisti,
2640 2019 2917 2071 memento
2969 2013 3103 2086 quia

1104 2107 1390 2180 puluerem
1437 2123 1525 2164 me
1571 2107 1795 2165 finxisti.
1845 2108 2119 2182 quomodo
2171 2111 2317 2166 stare
2357 2110 2568 2183 potero,
2609 2109 2718 2166 nisi
2758 2108 3097 2166 solidaturus

1112 2200 1219 2258 hoc
1259 2200 1446 2260 lutum
1503 2218 1720 2276 semper
1773 2202 2046 2270 intendas,
2104 2205 2170 2260 ut
2225 2204 2292 2261 de
2334 2203 2496 2260 uultu
2539 2206 2637 2261 tuo
2680 2203 2935 2261 soliditas
2976 2219 3100 2260 mea
3147 2208 3194 2256 D

1109 2292 1371 2368 prodeat?
1413 2311 1555 2352 cum
1598 2296 1923 2353 auerteris
1972 2297 2226 2367 faciem,
2274 2297 2721 2356 turbabuntur
2770 2296 3007 2355 omnia:
3049 2296 3099 2354 si

1105 2388 1377 2459 intendas,
1419 2406 1521 2447 uae
1562 2389 1716 2449 mihi.
1760 2409 1866 2448 non
1915 2391 2085 2450 habes
2135 2391 2282 2465 quod
2321 2391 2378 2450 in
2419 2409 2508 2450 me
2550 2393 2787 2467 aspicias
2829 2391 2937 2449 nisi
2976 2408 3102 2449 con-

1035 2483 1257 2559 atagia
1305 2483 1661 2551 delictorum3
1711 2501 1810 2542 nec
1859 2485 2042 2544 deseri
2091 2486 2229 2544 utile
2276 2502 2378 2543 nec
2425 2485 2605 2544 uideri
2654 2489 2758 2555 est,
2800 2486 2931 2559 quia
2971 2485 3104 2542 dum

1107 2577 1365 2636 uidemur
1404 2578 1752 2636 offendimus.
1795 2595 2097 2651 possumus
2136 2583 2321 2637 tamen
2363 2582 2657 2637 aestimare
2706 2580 2835 2653 quia
2876 2595 2983 2636 non
3023 2596 3108 2635 re-

1109 2671 1268 2744 pellit
1308 2687 1448 2745 quos
1488 2671 1661 2741 uidet,
1706 2673 1835 2745 quia
1875 2674 2138 2731 emundat
2177 2690 2318 2747 quos
2360 2674 2578 2748 aspicit.
2619 2674 2764 2748 ignis
2807 2675 2935 2730 ante
2977 2689 3106 2730 eum

1266 2839 1288 2886 1
1333 2837 1508 2887 Psalm.
1539 2839 1736 2887 XXXXI
1771 2841 1843 2892 10,
1877 2840 2096 2889 XXXXII
2130 2842 2158 2890 2
2286 2843 2315 2890 5
2356 2840 2405 2890 II
2438 2840 2559 2890 Tim.
2592 2842 2638 2898 2,
2676 2843 2732 2890 19
2860 2841 2887 2888 7
2934 2839 3107 2888 Matth.

1108 2916 1150 2974 7,
1184 2917 1247 2965 23
1347 2916 1405 2964 12
1436 2913 1582 2966 Hebr.
1617 2919 1660 2970 6.
1699 2918 1758 2965 10
1856 2919 1913 2966 14
1944 2918 2117 2966 Psalm.
2150 2918 2269 2967 VIII
2302 2921 2331 2968 5
2363 2918 2431 2984 (6)
2464 2920 2608 2968 Hebr.
2642 2920 2687 2977 2,
2713 2921 2743 2969 6
2841 2921 2899 2967 15
2932 2917 3109 2967 Psalm.

1101 2993 1195 3044 (311
1233 2996 1292 3043 14
1388 2996 1445 3042 17
1476 2989 1564 3043 Iob
1602 2995 1672 3050 10,
1707 2996 1736 3043 9
1835 2996 1891 3043 18
1923 2995 2095 3046 Psalm.
2130 2997 2242 3046 CIII
2274 2997 2333 3045 25
2431 2998 2493 3046 22
2522 2997 2624 3046 Ioel
2657 2998 2702 3055 2,
2737 2999 2766 3046 3

1172 3112 1196 3160 1
1224 3126 1301 3160 me
1316 3112 1421 3175 pn]
1442 3112 1535 3161 mei
1560 3112 1608 3159 Β
1703 3113 1732 3160 2
1759 3112 1881 3160 enim
1904 3112 1952 3160 P
1976 3113 2010 3170 (i
2033 3127 2069 3160 e.
2094 3114 2163 3170 ιι.)
2257 3118 2287 3161 4
2313 3114 2567 3162 obliuionis
2592 3115 2635 3162 ei
2659 3115 2707 3161 Β
2818 3113 3041 3161 obliteret
3064 3113 3116 3161 P

1083 3189 1411 3238 oblitinteret
1444 3188 1486 3239 0
1513 3190 1695 3251 obliget
1726 3190 1838 3237 DP¹
1872 3191 2180 3239 obliuiscetur
2212 3191 2261 3239 B
2354 3194 2383 3241 6
2417 3192 2584 3255 ipsius]
2622 3192 2848 3241 eius.B0
2995 3207 3110 3255 ope·

1070 3271 1277 3317 rantur
1307 3268 1607 3331 iniquitatem
1639 3271 1752 3318 DP‘
1867 3272 1893 3319 7
1928 3274 2183 3332 operantur
2214 3271 2262 3318 P
2295 3278 2344 3320 (n
2376 3287 2415 3322 s.
2447 3278 2516 3331 u.)
2694 3288 2776 3320 uos
2808 3272 2857 3320 P
2890 3274 2936 3328 (o
2969 3287 3029 3320 ex
3060 3274 3110 3331 u)

1172 3351 1249 3393 est
1279 3359 1371 3395 om.
1404 3346 1453 3395 Β
1578 3350 1731 3410 possit
1761 3349 1809 3396 P
1843 3350 1903 3407 (it
1934 3353 2016 3397 m2
2048 3364 2106 3398 ex
2138 3357 2186 3408 e)
2217 3352 2383 3411 posset
2411 3350 2527 3400 DP‘
2622 3352 2651 3400 8
2684 3352 2772 3400 deo
2806 3351 2981 3412 dicere]
3015 3366 3109 3399 non

1067 3424 1280 3473 timere
1312 3425 1424 3473 ΒΡ·
1567 3429 1742 3490 tamen]
1779 3443 1950 3475 nomen
1982 3429 2094 3477 DP‘
2205 3430 2234 3478 9
2266 3429 2404 3477 nobis
2439 3433 2545 3486 (om.
2582 3434 2692 3493 que)
2725 3430 2838 3479 DP‘
2980 3429 3111 3478 infir·

1062 3504 1222 3552 xnib.
1258 3503 1307 3551 P
1343 3504 1552 3552 infirmus
1589 3506 1630 3552 G
1666 3507 1810 3554 fiunis
1843 3506 1956 3554 DP‘
1995 3506 2296 3554 inferioribus
2329 3507 2377 3554 B
2420 3509 2494 3566 <in
2524 3524 2612 3570 my.
2645 3511 2729 3558 m2
2759 3510 2813 3558 al
2842 3509 3111 3558 infirmiori-

1074 3574 1221 3640 bus)
1367 3582 1501 3644 quasi
1532 3582 1581 3630 P
1612 3584 1671 3640 (si
1702 3599 1740 3630 s.
1773 3589 1843 3645 ᾳ.)
1958 3584 2015 3632 10
2047 3584 2256 3632 sanctior
2286 3585 2333 3632 P
2364 3590 2410 3643 (c
2440 3599 2475 3632 s.
2510 3590 2579 3644 u.)
2701 3586 2760 3635 12
2788 3590 2901 3648 poet
2931 3585 3111 3634 oblitus

1069 3671 1159 3708 εξ
1197 3659 1316 3707 add.
1349 3665 1587 3722 postremo
1618 3661 1825 3709 PDP‘G
2001 3677 2144 3725 quare
2178 3662 2468 3711 uisitationis
2501 3667 2611 3711 tuae
2645 3663 2823 3713 oblitus
2856 3679 2905 3712 es
2939 3679 3029 3712 om.
3063 3663 3111 3710 B

1083 3736 1172 3787 13
1199 3742 1438 3801 postremo
1467 3754 1609 3800 quare
1633 3741 1716 3789 inf.
1741 3754 1874 3789 meae
1899 3741 2076 3790 oblitus
2102 3756 2152 3789 es
2177 3756 2266 3790 om.
2288 3741 2330 3789 0
2425 3745 2481 3790 14
2505 3757 2598 3790 non
2621 3743 2671 3791 P
2692 3745 2742 3800 (n
2769 3743 2855 3791 alt.
2879 3757 2918 3790 s.
2935 3757 2983 3790 u.
3009 3745 3111 3800 m2)

1092 3816 1174 3865 18
1225 3815 1426 3877 prodeat
1455 3816 1504 3864 P
1540 3816 1591 3878 (d
1631 3819 1685 3865 in
1725 3819 1844 3878 ras.)
2005 3820 2061 3868 19
2109 3820 2318 3868 intendis
2350 3819 2448 3868 DC
2631 3820 2778 3869 habes
2810 3820 2859 3869 P
2887 3820 2936 3883 (b
2970 3834 3029 3868 ex
3059 3822 3110 3877 u)

1178 3892 1295 3956 qnid
1319 3893 1367 3940 B
1461 3895 1518 3942 21
1555 3895 1755 3957 repellet
1776 3895 1824 3943 P
1854 3896 1890 3953 (i
1913 3910 1951 3944 s.
1979 3911 2003 3945 e
2039 3902 2157 3956 tert„
2189 3897 2274 3946 sed
2304 3898 2393 3947 hoc
2425 3913 2449 3947 e
2480 3900 2639 3961 ipsum
2670 3914 2729 3949 ex
2758 3899 2776 3949 i
2805 3901 2993 3961 factum
3016 3911 3116 3946 esse

1092 3972 1331 4030 uidetur)
1428 3974 1486 4021 22
1521 3974 1652 4022 uidet
1683 3975 1731 4021 P
1760 3975 1805 4036 (e
1838 3990 1895 4022 ex
1928 3976 1960 4036 i)
