4242 4694
1233 366 1275 402 0

1121 513 1233 568 134
1942 502 2286 556 AmBrosii

1120 698 1256 754 quas
1321 680 1578 753 expandit
1642 680 1711 737 ad
1775 680 2045 753 populum
2112 696 2217 737 non
2278 680 2613 751 credentem,
2671 698 2839 755 super
2898 681 3120 740 dorsum

1117 776 1488 833 inimicorum.
1528 775 1706 832 isdem
1751 775 1896 831 enim
1938 774 2194 832 manibus
2237 779 2404 848 atque
2448 776 2641 833 eadem
2681 776 2942 849 passione
2991 794 3120 835 suos

1117 870 1257 927 texit
1303 873 1360 927 et
1408 869 1736 944 subiugauit
1783 868 2127 926 aduersarias
2175 872 2487 940 potestates
2539 887 2840 944 omnesque
2889 870 3025 929 fidei
3071 874 3124 929 et

1118 965 1345 1038 pietatis
1405 968 1616 1021 exortes
1673 961 1928 1021 subditos
1987 963 2096 1021 sibi
2151 963 2302 1021 fecit.
2352 963 2419 1020 de
2469 964 2672 1037 quibus
2721 964 2802 1021 ait
2847 967 3013 1038 pater
3058 965 3123 1022 ad

1120 1059 1332 1117 filium:
1384 1061 1450 1115 et
1498 1058 1944 1114 dominaberis
1993 1057 2055 1113 in
2106 1057 2319 1115 medio
2369 1058 2786 1115 inimicorum
2837 1061 3121 1118 tuorum.
3165 1079 3185 1113 5

1121 1169 1260 1225 quos
1300 1152 1557 1209 inimicos
1600 1168 1704 1208 sua
1743 1151 1877 1208 fecit
1915 1152 2147 1219 malitia,
2190 1169 2296 1209 non
2341 1151 2547 1210 Christi
2590 1153 2874 1210 uoluntas.
2917 1153 2975 1210 in
3021 1171 3124 1227 quo

1120 1263 1321 1318 magna
1369 1246 1550 1320 gratia
1599 1245 1827 1302 domini.
1880 1246 2082 1302 etenim
2133 1246 2412 1318 spiritales
2463 1246 2763 1318 nequitiae,
2812 1263 2958 1319 quae
3003 1251 3125 1304 ante

1121 1341 1396 1398 ceruicem
1438 1341 1687 1396 nostram
1728 1339 1861 1413 iugo
1904 1339 2160 1396 solebant
2199 1339 2547 1412 captiuitatis
2588 1339 2890 1408 inflectere,
2932 1341 3019 1397 ita
3067 1343 3128 1398 ut

1120 1433 1304 1491 Dauid
1328 1433 1448 1506 ipse
1472 1450 1668 1490 manus
1696 1432 2102 1506 quodammodo
2130 1449 2296 1504 super
2328 1449 2390 1489 se
2421 1433 2889 1505 triumphantium
2922 1435 3127 1492 sentire

1123 1545 1182 1584 se
1225 1526 1495 1584 scriberet
1535 1526 1754 1583 dicens:
1807 1543 2003 1600 super
2052 1526 2312 1583 dorsum
2364 1544 2570 1584 meum
2618 1527 3189 1586 fabricaueruntxo

1121 1623 1529 1695 peccatores,
1569 1621 1725 1695 ipsae
1767 1638 1911 1678 nunc
1953 1621 2210 1678 subditae
2245 1620 2454 1679 Christi
2485 1621 2772 1694 triumpho
2804 1624 2865 1679 et
2897 1622 3126 1694 quibus-

1121 1718 1249 1774 dam
1273 1716 1530 1774 manibus
1561 1716 1698 1781 eius,
1726 1715 1784 1771 id
1810 1719 1897 1772 est
1921 1716 2084 1772 factis
2112 1716 2480 1788 operibusque
2507 1716 2791 1773 subiectae
2823 1719 3125 1790 perpetuae

1122 1810 1365 1868 subeunt
1397 1809 1741 1882 captiuitatis
1778 1826 2114 1865 aerumnam.
2148 1809 2269 1882 ipse
2290 1813 2463 1874 <est>
2485 1809 2698 1882 utique,
2734 1810 2832 1883 qui
2865 1809 3129 1869 adoratur

1121 1924 1154 1961 a
1207 1903 1339 1960 filiis
1395 1903 1570 1977 patris
1629 1903 1735 1971 sui,
1796 1902 2014 1975 quando
2074 1903 2334 1960 adoratur
2391 1920 2422 1959 a
2486 1903 2662 1973 nobis,
2731 1903 2938 1976 quibus
3006 1904 3127 1979 ipse

1120 1998 1377 2071 permisit
1416 2001 1481 2054 ut
1520 2000 1732 2071 patrem
1773 2014 2061 2064 uocem11S‚
2104 1997 2266 2054 cuius
2311 2013 2535 2054 seruum
2578 2015 2699 2054 esse
2740 1997 2978 2055 uirtutis
3021 2002 3124 2056 est.
3155 2015 3194 2051 ιι

1033 2094 1103 2150 18
1201 2090 1480 2149 Catulus
1521 2091 1734 2148 leonis
1775 2091 1846 2147 Iu
1863 2090 1952 2147 da.
1989 2108 2165 2148 nonne
2199 2090 2487 2148 euidenter
2518 2094 2576 2148 et
2605 2093 2821 2165 patrem
2853 2091 3130 2165 expressit

1123 2188 1182 2243 et
1234 2185 1414 2243 filium
1472 2184 1816 2243 declarauitP
1874 2185 2008 2258 quid
2056 2186 2171 2241 tam
2221 2184 2469 2250 euidens,
2519 2202 2628 2258 quo
2676 2185 2846 2242 unius
2896 2188 3129 2244 naturae

1124 2280 1271 2337 filius
1329 2279 1466 2337 deus
1525 2297 1654 2337 cum
1709 2282 1863 2351 patre
1922 2296 2044 2336 esse
2102 2279 2410 2336 doceatur?
2459 2279 2544 2335 leo
2594 2279 2707 2347 ille,
2757 2278 2852 2336 hic
2900 2281 3130 2338 catulus

1123 2374 1317 2432 leonis,
1361 2374 1463 2430 uili
1504 2373 1891 2445 conparatione
1934 2373 2182 2429 eiusdem
2225 2375 2452 2429 naturae
2493 2375 2592 2429 aut
2621 2373 2904 2445 potentiae
2939 2375 3131 2431 unitas

1122 2468 1486 2543 intellegitur.
1528 2485 1622 2525 rex
1663 2484 1725 2524 ex
1766 2484 1896 2541 rege
1928 2467 2220 2540 processit,
2254 2468 2415 2524 fortis
2450 2484 2516 2524 ex
2547 2467 2706 2524 forte.
2741 2467 2875 2540 quia
2904 2466 3131 2526 futuros
3158 2487 3202 2523 ιο

1124 2561 1485 2635 praeuidebat
1525 2562 1619 2635 qui
1657 2561 1836 2618 filium
1880 2560 2198 2618 adsererent
2235 2561 2467 2617 iunioris
2509 2560 2728 2628 aetatis,
2764 2562 3015 2619 occurrit
3044 2562 3132 2620 his
3176 2613 3183 2619 .

1125 2654 1441 2713 subiciens:
1519 2672 1587 2711 ex
1661 2655 1950 2729 germine
2023 2654 2183 2711 mihi
2265 2653 2647 2711 ascendisti.
2730 2654 3134 2714 recumbens

1126 2747 1432 2806 dormisti
1497 2752 1569 2805 ut
1632 2748 1733 2805 leo
1792 2752 1856 2805 et
1911 2750 2239 2820 tamquam
2301 2748 2585 2804 catulus.
2645 2748 2703 2804 et
2761 2747 2893 2804 alibi
2956 2747 3135 2806 habes

1281 2997 1310 3043 5
1342 2995 1516 3051 Psalm.
1551 2993 1728 3043 CVHII
1760 2995 1788 3041 2
1947 2994 1974 3039 7
2015 2994 2187 3055 Ephes.
2220 2994 2263 3050 6,
2301 2994 2358 3040 12
2518 2991 2577 3039 10
2607 2991 2783 3039 Psalm.
2819 2989 3075 3043 CXXVIII
3107 2994 3136 3043 3

1188 3167 1217 3214 2
1256 3164 1556 3213 inimicorum
1597 3178 1783 3211 suorum
1824 3162 1942 3213 VW‘
2128 3162 2278 3209 isdem
2311 3161 2485 3209 BVP¹⁴
2525 3160 2693 3208 iisdem
2726 3159 2775 3208 P
2812 3162 2852 3216 (i
2886 3161 2982 3211 alt.
3014 3176 3056 3211 s.
3087 3177 3135 3211 ιι.

1125 3244 1226 3305 m2)
1265 3243 1321 3290 Γ
1353 3242 1537 3290 hisdem
1572 3246 1655 3288 cet.
1751 3242 1778 3289 3
1814 3244 1862 3289 et
1894 3240 2169 3301 subiugauit
2200 3241 2255 3286 in
2286 3255 2373 3300 my.
2396 3239 2445 3286 P
2534 3238 2566 3284 4
2599 3241 2807 3284 exsortes
2830 3238 2882 3286 Β
2916 3242 2965 3298 (s
2989 3255 3074 3301 pr.
3098 3254 3136 3289 s.

1127 3338 1192 3381 a„
1222 3323 1278 3369 in
1307 3337 1397 3383 my.
1429 3324 1511 3369 m3
1542 3321 1643 3368 sine
1676 3322 1821 3378 sorte)
1855 3319 1965 3367 PT*
2076 3321 2103 3367 5
2137 3320 2185 3365 in
2216 3317 2373 3365 medio
2407 3331 2495 3364 om.
2529 3314 2635 3362 ND
2745 3316 2772 3363 7
2805 3316 3060 3378 spiritales
3091 3317 3139 3363 Β

1126 3402 1171 3464 (e
1206 3417 1265 3449 ex
1295 3402 1331 3458 i)
1444 3400 1473 3447 8
1506 3399 1726 3447 solebant
1757 3398 1803 3444 Β
1839 3409 1894 3456 (s.
1927 3397 2006 3445 LE
2038 3396 2135 3458 U)
2255 3397 2283 3442 9
2317 3395 2452 3443 dauit
2483 3393 2531 3441 Β
2657 3408 2708 3441 se
2740 3408 2778 3441 s.
2810 3395 2861 3442 κ’.
2894 3393 2961 3450 Ρ,
2996 3410 3140 3458 super

1128 3496 1178 3528 se
1210 3495 1301 3528 om.
1334 3479 1463 3530 sr‘E
1581 3476 1928 3524 triumfantium
1962 3476 2066 3523 BV
2173 3477 2227 3522 11
2264 3473 2484 3522 subditae
2518 3472 2565 3518 B
2598 3471 2634 3531 (i
2664 3486 2725 3520 ex
2756 3474 2801 3530 e)
2935 3473 3136 3522 triumfo

1129 3557 1232 3604 BV
1366 3556 1606 3618 triumpho
1637 3545 1723 3618 iffi
1746 3554 1877 3605 511¹¹E
2031 3555 2087 3602 13
2121 3554 2326 3602 subeunt
2358 3553 2406 3601 Β
2437 3558 2494 3611 (s.
2527 3552 2567 3599 Β
2599 3550 2697 3611 U)
2844 3555 2923 3599 est
2957 3551 3140 3601 addidi

1192 3637 1271 3698 qui
1304 3634 1574 3692 BV12¹¹21¹2
1606 3649 1728 3682 eras.
1759 3635 1815 3681 in
1846 3634 1966 3689 ΡΨ,
1999 3649 2086 3681 om.
2129 3639 2213 3681 cet.
2258 3648 2318 3680 ac
2345 3633 2562 3692 sortasse
2590 3635 2820 3694 praestat
2849 3632 3031 3679 omisso
3064 3634 3139 3678 est

1126 3714 1256 3762 illud
1287 3715 1369 3776 qui
1400 3720 1457 3761 ut
1487 3728 1545 3761 ex
1566 3712 1880 3774 praecedenti
1910 3727 1999 3773 que
2032 3717 2191 3760 ortum
2224 3711 2376 3759 delere
2505 3710 2562 3758 18
2595 3709 2711 3758 deus
2745 3706 2901 3756 ΠΟΊυ
2940 3708 3022 3757 dei
3053 3713 3137 3757 eet.

1133 3793 1188 3840 19
1223 3796 1308 3840 aut
1337 3792 1446 3839 BP'
1480 3797 1524 3840 et
1554 3795 1628 3839 ml
1658 3792 1706 3838 P
1736 3793 1791 3838 ut
1822 3789 1897 3837 P¹⁴
1935 3806 1986 3838 ac
2018 3790 2067 3836 Ρ
2094 3793 2180 3837 m2
2210 3794 2294 3838 cet.
2399 3790 2461 3837 20
2494 3788 2678 3836 futuros
2709 3787 2757 3834 Β
2789 3787 2845 3849 (s.
2879 3791 2969 3834 m3
3000 3786 3139 3835 here-

1128 3871 1269 3932 ticos)
1359 3872 1414 3918 21
1451 3870 1543 3917 hiis
1575 3870 1624 3917 P
1654 3871 1690 3928 (i
1714 3882 1794 3930 pr.
1828 3882 1864 3916 s.
1897 3883 1945 3914 u.
1979 3871 2079 3926 m2)
2112 3868 2154 3914 is
2193 3867 2264 3923 T¹,
2300 3881 2389 3913 om.
2421 3865 2463 3913 0
2557 3867 2616 3913 22
2651 3865 2863 3926 germine
2894 3863 2971 3911 fili
3000 3863 3069 3912 mi
3100 3864 3143 3912 T

1131 3948 1217 4005 (fili
1249 3949 1304 3995 in
1334 3962 1451 4007 ras„
1481 3947 1546 3994 mi
1579 3962 1616 3994 s.
1649 3948 1720 4008 u.)
1752 3945 1992 3993 P²P¹⁴D0
2085 3946 2144 3993 23
2179 3945 2440 4005 tamquam]
2478 3943 2613 4004 quasi
2645 3941 2698 3990 E
