4242 4694
1204 518 1318 575 258
2022 514 2372 563 Ambrosii

1203 692 1341 749 tioni
1389 692 1660 749 humanae
1712 691 1897 749 omnia
1945 691 2015 748 ad
2063 691 2365 749 utilitatem
2411 692 2589 749 nostri
2637 693 2732 749 uel
2780 693 2971 751 tristia
3013 693 3105 752 uel
3140 711 3193 752 ea

1204 803 1347 860 quae
1394 804 1591 860 parum
1641 786 1920 844 delectent
1964 785 2177 855 fecerit,
2225 789 2343 844 tam
2388 786 2593 845 bonam
2632 788 2970 845 sententiam
3011 793 3193 862 postea

1091 875 1163 932 1'7
1203 881 1392 955 prauis
1435 881 1787 954 opinionibus
1826 881 2083 939 turbatus
2125 881 2422 940 amiserim.
2463 881 2812 940 conferebam
2849 883 3048 956 itaque
3079 900 3191 943 cum

1205 975 1370 1033 corde
1419 992 1540 1033 mec
1608 978 1666 1033 et
1727 974 1977 1033 dicebam
2039 973 2215 1032 mibi:
2271 974 2328 1032 si
2382 975 2661 1033 narrabo
2719 975 2816 1034 sic
2873 976 3012 1051 quia
3065 978 3193 1036 sine

1206 1086 1407 1127 causa
1468 1069 1850 1127 iustificani
1909 1085 2017 1127 cor
2071 1085 2313 1138 meum3
2370 1070 2697 1128 occurrebat
2749 1071 2891 1129 mihi
2948 1069 3046 1131 dei
3098 1082 3255 1131 uox·-

1204 1162 1429 1221 dicens:
1457 1179 1608 1221 ecce
1643 1164 2060 1239 generationi
2092 1163 2389 1221 filiorum
2421 1166 2705 1234 tuorum,
2738 1165 2845 1227 cui
2879 1165 3192 1241 disposui.

1204 1258 1265 1316 id
1304 1261 1423 1316 est:
1466 1274 1595 1316 ecce
1635 1258 1692 1315 in
1731 1258 2024 1331 scripturis
2066 1257 2287 1316 iuuenis
2344 1258 2475 1332 quia
2512 1258 2785 1333 disposui,
2828 1277 2860 1319 o
2901 1263 2970 1319 tu
3010 1260 3191 1330 Adam,

1204 1352 1545 1428 generationi
1584 1352 1831 1411 filiorum
1869 1354 2096 1410 tuorum
2137 1353 2269 1426 quia
2307 1353 2538 1411 fortuito
2581 1353 2812 1411 diuitiae
2861 1353 2933 1411 ad
2983 1349 3191 1431 impios,

1202 1464 1312 1505 non
1384 1447 1571 1521 aliquo
1643 1447 1842 1505 merito
1914 1446 2245 1505 deferantur.
2300 1463 2402 1505 nec
2471 1448 2718 1522 praemia
2777 1448 3017 1507 uirtutis
3076 1452 3188 1509 nat

1204 1540 1580 1600 emolumenta
1633 1541 1937 1611 thensauri,
1994 1544 2061 1598 ut
2114 1558 2145 1598 e
2201 1542 2474 1600 contrario
2539 1548 2729 1609 (nou)
2781 1542 2974 1617 inopia
3031 1558 3179 1620 pom
3200 1552 3239 1592 w

1204 1635 1419 1709 peccati
1467 1639 1572 1703 est,
1621 1634 1721 1692 sed
1766 1634 2066 1693 indiscrete
2116 1635 2345 1693 ueniunt
2390 1635 2519 1706 ista,
2566 1654 2710 1709 quae
2749 1637 2918 1696 modo
2956 1635 3189 1697 fluminis

1093 1723 1164 1781 18
1206 1729 1445 1804 quodam
1518 1729 1728 1788 saeculi
1799 1727 2073 1802 profluuio
2145 1731 2487 1788 uolutantur.
2560 1733 2620 1789 et
2688 1730 3086 1791 existimabam
3146 1732 3195 1792 et
3242 1726 3266 1780 1

1205 1814 1437 1882 uidebar
1497 1823 1636 1880 mihi
1700 1839 2034 1898 cognoscere
2099 1823 2205 1880 hoc
2268 1839 2393 1881 esse
2454 1839 2668 1894 uerum,
2731 1824 2839 1882 hoc
2903 1841 3197 1902 congruere

1206 1918 1428 1976 diuinae
1482 1917 1867 1991 prouidentiae
1924 1920 1985 1975 et
2038 1916 2349 1987 conuenire,
2406 1934 2496 1975 me
2544 1920 2731 1975 autem
2771 1918 2986 1978 frustra
3023 1919 3088 1979 in
3123 1919 3200 1981 hi·

1206 2014 1493 2071 turbatum
1534 2029 1659 2070 esse
1696 2011 1752 2069 in
1796 2011 2001 2085 quibus
2039 2011 2322 2070 inhaerere
2362 2028 2468 2070 non
2510 2012 2696 2070 debui.
3208 2019 3236 2065 ί

1052 2101 1110 2175 7,
1133 2101 1205 2160 19
1284 2108 1479 2181 Itaque
1520 2106 1652 2179 quia
1688 2105 1920 2163 uidebar
1957 2105 2097 2163 mihi
2135 2123 2328 2164 ueram
2366 2106 2697 2165 sententiam
2744 2107 3209 2182 conprehendisse
3253 2103 3275 2156 ⁸²

1208 2203 1264 2260 et
1304 2200 1679 2276 cognitionem
1719 2215 1843 2259 esse
1882 2199 1962 2257 rei
2001 2199 2182 2274 ipsius
2222 2199 2541 2269 adsecutus,
2582 2200 2835 2259 dicebam
2871 2202 3055 2261 mihi:
3095 2202 3211 2262 hoe

1208 2295 1397 2354 labor
1452 2296 1555 2352 est
1611 2296 1761 2352 ante
1818 2309 1934 2364 me,
1992 2292 2198 2352 donec
2253 2293 2576 2354 introeam
2629 2294 2696 2351 in
2753 2297 3213 2355 sanctuarium

1210 2390 1314 2447 dei
1356 2392 1423 2448 et
1460 2388 1848 2464 intellegam
1889 2388 1953 2445 in
1994 2388 2383 2458 nouissimo,
2424 2388 2483 2445 id
2520 2391 2644 2450 estt
2686 2388 2843 2448 solus
2881 2389 3030 2449 mihi
3058 2389 3212 2451 labor

1212 2485 1487 2556 superest,
1536 2486 1604 2540 ut
1640 2481 1916 2557 ingrediar
1953 2481 2011 2539 in
2052 2481 2431 2540 sanctuarium
2472 2480 2577 2552 dei,
2628 2481 2725 2539 ubi
2772 2483 2863 2540 est
2912 2480 3196 2549 cherubin,
3223 2493 3266 2531 ¹·

1209 2576 1268 2634 id
1317 2578 1406 2634 est
1454 2576 1788 2652 cognitionis
1835 2575 2192 2648 profundum,
2242 2578 2301 2633 et
2346 2593 2455 2634 non
2501 2576 2746 2634 laborem
2786 2575 2842 2634 in
2884 2573 3103 2636 inmun
3136 2574 3189 2630 ct

1209 2670 1373 2729 nanis
1415 2670 1802 2746 opinionibus;
1851 2669 2144 2728 narratio
2193 2670 2341 2728 enim
2388 2670 2560 2729 fatui
2609 2671 2789 2729 sicut
2838 2670 3093 2731 sarcina
3125 2666 3191 2726 in

1209 2765 1335 2823 uia.
1392 2764 1517 2824 ideo
1574 2763 1950 2840 ingrediamur
2004 2763 2234 2838 adytum
2281 2764 2663 2840 cognitionum
2710 2781 3001 2826 sacrarum
3045 2765 3198 2838 atque

1209 2858 1473 2918 interiora
1526 2859 1827 2934 penetralia
1890 2858 2165 2929 ueritatis,
2233 2862 2298 2917 ut
2360 2875 2467 2917 non
2532 2859 2609 2918 sit
2669 2860 2726 2917 in
2791 2859 2956 2918 nobis
3018 2858 3202 2924 laben

1212 2953 1484 3025 sapientia
1531 2953 1678 3011 enim
1724 2970 1827 3011 nos
1876 2969 1909 3010 a
1949 2969 2116 3011 sensu
2157 2952 2363 3012 laboris
2405 2953 2650 3010 abducit.
2694 2953 2930 3029 denique
2970 2970 3080 3011 non
3122 2951 3208 3010 est
3229 2960 3266 2998 ¹⁵

1208 3047 1366 3105 labor
1410 3047 1468 3105 in
1515 3048 1701 3115 Iacob,
1752 3063 1922 3105 causa
1970 3050 2156 3105 autem
2201 3048 2409 3105 laboris
2447 3047 2759 3122 ignorantia
2797 3050 2900 3116 est,
2939 3044 3206 3119 quoniam

1364 3173 1397 3220 4
1419 3170 1595 3220 Psalm.
1621 3170 1798 3220 LXXII
1824 3172 1882 3219 15
1906 3185 1977 3232 sq.
2071 3171 2101 3221 6
2124 3169 2298 3219 Psalm.
2316 3169 2490 3218 LXXII
2517 3171 2575 3219 16
2672 3172 2729 3220 12
2753 3168 2923 3219 Palm.
2936 3168 3123 3218 LXXII
3147 3169 3204 3218 16

1214 3252 1269 3300 Π
1301 3249 1477 3298 Psalm.
1510 3249 1684 3298 LXXII
1718 3251 1775 3299 16
1809 3263 1878 3312 sq.
1954 3250 2016 3298 20
2047 3247 2192 3306 Exod.
2224 3249 2300 3305 25,
2337 3249 2394 3297 17
2474 3250 2529 3297 21
2567 3248 2705 3297 Philo
2739 3247 2800 3297 de
2827 3247 2913 3298 uit.
2943 3246 3102 3311 Πομ.
3133 3246 3206 3297 ΠΙ

1209 3328 1239 3377 8
1275 3327 1344 3389 (Π
1377 3328 1484 3384 150,
1519 3329 1596 3386 15)
1684 3328 1746 3376 22
1779 3329 1868 3379 Sir.
1902 3329 1978 3381 21.
2012 3329 2069 3377 16
2100 3326 2201 3391 (19)
2294 3328 2355 3377 26
2390 3326 2505 3376 Gen.
2538 3328 2613 3382 2⁴7.
2648 3328 2709 3376 20

1277 3423 1299 3471 1
1335 3421 1536 3470 tristitia
1566 3421 1617 3470 Ρ
1646 3423 1705 3479 (ti
1737 3423 1823 3471 alt.
1856 3438 1893 3471 s.
1927 3427 1997 3481 u)
2031 3422 2079 3469 Β
2111 3423 2170 3480 (ti
2204 3422 2291 3471 alt.
2326 3426 2469 3481 erac.)
2627 3423 2657 3471 2
2696 3421 2898 3471 fecerint
2927 3420 2978 3469 P
3007 3425 3060 3481 (n
3089 3436 3128 3471 a.
3157 3435 3206 3469 ιι.

1210 3505 1356 3560 erac.)
1453 3500 1483 3547 3
1515 3501 1749 3549 amiserim
1780 3501 2001 3550 turbatus
2030 3502 2079 3549 Β
2171 3503 2201 3550 6
2233 3501 2527 3563 gen-rationi
2550 3500 2599 3547 P
2629 3503 2675 3560 (e
2694 3515 2733 3550 s.
2756 3502 2878 3559 rac.)
2978 3500 3008 3548 7
3040 3498 3095 3549 id
3117 3500 3204 3560 est]

1211 3578 1350 3627 adest
1372 3577 1485 3627 DP‘
1609 3579 1679 3641 in]
1709 3579 1784 3627 his
1809 3577 1923 3627 DP‘
2046 3579 2290 3628 scribturis
2315 3579 2364 3626 P
2385 3579 2420 3634 (i
2436 3594 2516 3640 pr.
2540 3592 2577 3629 s.
2601 3582 2672 3638 u.)
2767 3578 2798 3626 8
2829 3582 3026 3627 tuorum
3049 3592 3138 3628 on.
3160 3575 3206 3627 B

1274 3656 1476 3704 fortuitu
1507 3655 1620 3705 DP¹
1652 3661 1698 3704 et
1728 3660 1811 3705 m2
1841 3657 1889 3704 B
2001 3658 2059 3705 10
2090 3658 2336 3707 thensauri
2366 3657 2416 3706 P
2447 3663 2496 3716 (n
2526 3671 2563 3705 e.
2596 3658 2665 3718 u.)
2697 3655 2914 3706 thesauri
2945 3661 3032 3706 cet.
3153 3658 3201 3702 nt

1211 3735 1416 3784 PBDP‘
1449 3739 1500 3784 et
1537 3737 1576 3782 C
1605 3751 1692 3784 nec
1726 3752 1757 3782 α
1912 3752 2006 3785 non
2040 3736 2217 3785 addida·
2340 3737 2400 3784 12
2446 3738 2497 3785 et
2535 3739 2582 3796 (e
2612 3736 2668 3784 in
2696 3740 2817 3795 ras.)
2850 3735 3059 3785 uidebar
3085 3736 3127 3798 (r
3148 3733 3196 3781 in

1211 3817 1332 3873 ras.)
1366 3813 1414 3861 P
1507 3814 1566 3861 14
1598 3813 1878 3876 prudentiae
1909 3814 1959 3862 Β
2054 3815 2110 3863 17
2145 3815 2213 3862 rei
2237 3814 2393 3877 ipsius
2426 3828 2528 3862 esse
2567 3813 2607 3862 0
2701 3813 2758 3861 18
2790 3809 3205 3862 sanctoaurinmP

1212 3892 1269 3940 21
1307 3892 1612 3954 cogitationis
1638 3892 1754 3941 DP‘
1880 3896 1929 3941 et
1958 3908 2052 3942 non
2087 3896 2162 3941 est
2188 3892 2326 3941 labor
2354 3892 2404 3940 Β
2503 3892 2565 3941 23
2597 3892 2780 3941 aditum
2812 3892 2931 3941 libri
3025 3894 3089 3943 24
3117 3904 3204 3942 non

1212 3985 1303 4020 om.
1336 3971 1450 4019 DP‘
1574 3972 1623 4019 in
1656 3987 1745 4019 om.
1780 3972 1827 4020 B
1919 3973 1981 4020 25
2013 3986 2099 4020 nos
2130 3986 2219 4020 om.
2253 3972 2303 4020 Β
