4242 4694
1250 530 1325 577 De
1340 494 1723 592 interpellatione
1738 530 1824 578 Iob
1842 534 1891 577 et
1907 531 2066 579 Dauid
2084 531 2121 587 1,
2139 533 2180 580 7.
2199 533 2242 584 8.
2261 533 2446 580 24--26
2481 532 2522 590 (Ι
2541 534 2633 581 634
2652 531 2845 581 C—635
2863 533 2938 590 B).
3008 534 3118 590 227

1118 702 1375 770 milibus,
1441 700 1535 761 uel
1597 703 1726 776 quia
1788 719 1933 761 nunc-
1998 704 2159 760 adsui
2225 705 2438 762 caelum
2503 705 2727 761 uidetur
2790 705 3008 761 nebulis
3066 708 3124 762 et

1121 796 1364 870 ealigine
1403 797 1799 869 nocturnisque
1839 797 2081 855 tenebris
2122 802 2180 854 et
2219 815 2409 855 croceo
2453 798 2561 854 diei
2600 798 2883 871 surgentis
2925 799 3122 856 rubore

1122 890 1348 948 diuersa
1371 890 1737 949 aedisoolora
1761 891 1943 965 specie
1968 908 2130 964 saepe
2156 895 2472 948 contextum
2500 924 2576 932 —
2608 895 2742 948 tunc
2775 890 2962 948 mitem
2996 910 3030 949 n
3047 909 3120 948 ox

1121 1001 1255 1041 non
1308 984 1448 1042 erit
1484 985 1794 1058 amplius
1836 989 1905 1044 et
1944 1003 2071 1043 non
2113 987 2549 1059 indigebunt
2583 988 2745 1043 luo-e
2783 987 3121 1042 lucernae

1056 1098 1081 1131 ε,
1124 1082 1195 1134 et
1242 1077 1512 1136 lumine
1559 1079 1762 1147 soli8‚
1813 1080 1977 1152 quia
2026 1079 2357 1136 dominus
2401 1078 2871 1135 inluminabit
2911 1096 3123 1153 super

1124 1188 1263 1241 eoS,
1298 1171 1448 1229 siout
1478 1171 1618 1230 dixit
1646 1171 1920 1230 Iohannes
1959 1206 2035 1214 —-
2076 1174 2169 1229 uel
2211 1173 2340 1246 quia
2382 1189 2497 1229 uae
2539 1173 2641 1229 his
2684 1173 2793 1244 qui
2836 1172 3123 1230 adsuunt

1122 1265 1492 1322 ceruicalia
1559 1265 1637 1322 ad
1711 1266 2105 1323 euertendas
2177 1267 2424 1323 animas
2497 1267 2744 1338 populi.
2814 1266 3121 1339 deploranti
3167 1272 3210 1321 1³·

1122 1359 1427 1433 prophetae
1474 1359 1756 1417 miseriam
1807 1362 2027 1418 nostrae
2075 1360 2415 1434 fragilitatis,
2465 1373 2608 1431 quae
2655 1363 2713 1417 et
2761 1361 2815 1418 in
2858 1361 2960 1417 hac
3001 1361 3125 1418 uita

1120 1452 1372 1524 requiem
1412 1468 1520 1510 non
1559 1452 1789 1510 haberet
1829 1456 1887 1509 et
1923 1453 2188 1509 uniuersa
2227 1452 2413 1510 subito
2455 1453 2681 1510 incursu
2725 1455 2920 1511 mortis
2963 1454 3123 1512 amit-

1033 1568 1082 1602 ιο
1121 1548 1282 1612 teret,
1309 1545 1540 1619 spiritus
1567 1548 1796 1603 sanetus
1820 1545 2027 1602 infudit
2048 1545 2265 1602 tamdiu
2289 1562 2394 1602 non
2421 1550 2826 1605 resurrecturos
2852 1548 3122 1618 homines,

1122 1640 1296 1698 donee
1334 1640 1550 1698 ueniret
1589 1640 1684 1713 qui
1725 1657 1830 1698 non
1873 1640 2134 1696 adsueret
2170 1641 2362 1696 uetera
2392 1640 2554 1697 nouis
2589 1657 2687 1697 neo
2722 1642 3123 1700 uestimentum

1121 1751 1332 1791 nouum
1381 1734 1735 1792 conmitteret
1779 1734 1835 1792 in
1885 1734 2286 1792 uestimentum
2327 1736 2509 1800 uetuS,
2553 1735 2651 1792 sed
2694 1736 2879 1792 omnia
2918 1736 3125 1793 faceret

1121 1845 1287 1896 noua,
1347 1828 1497 1885 sieut
1551 1828 1673 1902 ipse
1730 1829 1900 1886 dixit:
1950 1844 2101 1885 eece
2150 1827 2388 1885 faciam
2437 1846 2622 1887 noua.
2672 1830 2793 1902 ipse
2842 1832 2931 1887 est
2977 1831 3120 1887 enim

1121 1921 1473 1989 resurrectio,
1522 1922 1928 1997 primogenitus
1978 1939 2042 1979 ex
2088 1921 2449 1991 mortuis‚-in
2503 1939 2611 1994 quo
2664 1940 2854 1979 omnes
2898 1924 3119 1996 quidem
3142 1929 3295 1979 635A

1038 2038 1086 2072 ιε,
1119 2015 1567 2090 praerogatiuam
1606 2015 1827 2073 futurae
1867 2017 2291 2074 resurrectionis
2334 2017 2690 2090 accepimus:
2735 2019 2888 2075 solus
2937 2023 3121 2076 tamen

1119 2109 1303 2166 adhuc
1344 2109 1747 2168 resurreetione
1787 2114 2053 2184 perpetua
2091 2110 2436 2167 resur-reexit.

1013 2205 1038 2258 5
1200 2204 1410 2262 Audito
1450 2204 1626 2278 igitur
1666 2204 1798 2277 quid
1838 2205 2064 2261 loeutus
2106 2207 2257 2262 esset
2295 2205 2346 2261 in
2393 2222 2457 2262 eo
2500 2206 2635 2261 deus
2679 2209 2735 2262 et
2767 2206 2990 2280 cognito
3024 2224 3123 2279 per
3167 2214 3209 2261 Β

1121 2297 1384 2369 spiritum
1424 2300 1678 2355 sanctum
1721 2298 1868 2371 quod
1908 2298 2059 2355 filius
2101 2300 2191 2356 dei
2232 2316 2338 2357 non
2375 2300 2556 2357 solum
2592 2300 2808 2357 ueniret
2839 2301 2891 2357 in
2927 2304 3120 2369 terrae,

1121 2390 1221 2448 sed
1270 2390 1440 2448 etiam
1488 2389 1857 2449 descensurus
1908 2397 2059 2449 esset
2106 2393 2174 2449 ad
2225 2392 2447 2460 inferos,
2490 2396 2554 2449 ut
2595 2396 2846 2452 mortuos
2887 2396 3123 2452 resusci-

1052 2504 1088 2537 ιο
1118 2486 1268 2541 taret
1305 2515 1382 2525 —
1424 2483 1574 2556 quod
1615 2490 1748 2541 tunc
1789 2484 2015 2557 quidem
2056 2486 2265 2542 factum
2310 2491 2395 2543 est·
2437 2487 2505 2542 ad
2547 2487 2930 2544 testimonium
2969 2506 3123 2563 prae·

1121 2578 1370 2636 sentium
1438 2582 1494 2634 et
1549 2579 1858 2651 exemplum
1911 2579 2224 2636 futurorum
2265 2613 2341 2621 -—
2385 2597 2687 2638 conuersus
2729 2580 2800 2638 ad
2839 2582 3122 2639 dominum

1125 2671 1237 2728 ait:
1295 2671 1550 2729 utinam
1604 2672 1668 2729 in
1723 2672 1980 2730 inferno
2039 2690 2136 2730 me
2186 2690 2634 2744 conseruareS‚
2685 2674 3123 2733 absconderes

1121 2768 1342 2822 autem
1409 2783 1521 2833 me,
1592 2765 1794 2822 donec
1860 2765 2118 2824 desinat
2182 2768 2276 2825 ira
2341 2770 2453 2825 tua
2521 2772 2585 2826 et
2643 2772 2904 2827 statuas
2962 2771 3122 2828 mihi

1122 2863 1405 2932 tenipu8‚
1445 2860 1509 2916 in
1552 2877 1676 2933 quo
1708 2862 2082 2918 memoriam
2116 2863 2242 2919 mei
2270 2862 2493 2920 facias.
2531 2863 2586 2919 si
2623 2863 2787 2920 enim
2823 2867 3122 2922 mortuus

1021 2972 1092 3011 εε.
1122 2954 1332 3010 fuerit
1388 2953 1595 3017 homo,
1662 2955 1851 3012 uiuet
1915 2971 2370 3012 consummans
2437 2955 2577 3013 dies
2643 2957 2823 3015 uitae
2887 2958 3120 3030 ipsius.

1277 3152 1307 3199 2
1337 3152 1471 3212 L'erg.
1510 3151 1682 3213 Georg.
1717 3153 1740 3201 1
1772 3154 1863 3225 447
1930 3154 1957 3203 3
1992 3153 2137 3215 Apoe.
2172 3156 2246 3218 22,
2282 3158 2310 3203 5
2376 3158 2403 3203 6
2439 3155 2606 3203 Ezech.
2637 3157 2707 3212 13,
2739 3156 2795 3203 18
2865 3159 2915 3204 ll
2947 3159 3119 3206 matth.

1121 3229 1163 3283 9,
1203 3230 1260 3276 16
1424 3230 1480 3275 13
1514 3228 1659 3290 Apoo.
1693 3231 1770 3286 21,
1805 3232 1833 3277 5
1866 3231 1967 3278 Ioh.
2008 3232 2078 3287 11,
2114 3233 2173 3280 25
2358 3233 2415 3280 14
2450 3233 2627 3282 Coloss.
2666 3235 2706 3288 1,
2745 3235 2801 3281 18
2835 3236 2980 3297 Apoc.
3020 3238 3059 3292 1,
3094 3239 3124 3284 5

1121 3309 1181 3355 22
1213 3307 1301 3356 Iob
1340 3309 1412 3363 14,
1450 3308 1629 3355 13—17

1183 3432 1213 3479 3
1247 3430 1479 3479 discolore
1511 3431 1560 3478 B
1592 3431 1814 3479 discolori
1844 3431 1957 3479 ΒΡ·
2084 3435 2113 3480 5
2148 3433 2439 3481 inaminabit
2471 3423 2558 3482 ‹13ss
2590 3436 2650 3483 P*
2776 3438 2806 3485 6
2839 3435 3047 3486 adsuunt
3076 3438 3125 3487 P

1125 3514 1173 3568 (u
1207 3510 1294 3576 alt.
1327 3524 1364 3558 ε.
1398 3510 1469 3576 u.)
1501 3509 1711 3558 adsumit
1749 3514 1788 3555 (ι’
1946 3511 2003 3559 10
2044 3517 2386 3560 resurrecturos
2418 3513 2468 3560 P
2498 3516 2545 3574 (o
2579 3528 2638 3561 ex
2668 3528 2789 3562 corr.
2822 3520 2880 3563 ut
2907 3516 3122 3576 uidetur)

1122 3589 1477 3636 resurrectionis
1509 3589 1559 3636 B
1656 3590 1709 3637 11
1747 3590 1922 3637 uenirit
1953 3590 2001 3637 P
2033 3591 2066 3647 (i
2095 3606 2172 3650 pr.
2210 3600 2276 3638 ew
2300 3593 2345 3650 e)
2474 3591 2697 3640 adsueret
2719 3593 2769 3640 P
2798 3596 2846 3651 (ο
2878 3593 2965 3642 alt.
2999 3608 3059 3643 ex
3087 3595 3125 3657 i)

1126 3667 1182 3714 12
1215 3665 1374 3714 omnia
1406 3680 1500 3714 om:
1535 3665 1577 3712 G
1702 3668 1758 3715 13
1792 3681 1917 3715 noua
1948 3668 2073 3716 facio
2107 3669 2266 3715 omnia
2298 3668 2345 3715 B
2471 3671 2529 3718 14
2560 3669 2662 3732 ipse
2693 3670 3041 3733 primogenitus
3072 3672 3126 3720 D

1128 3746 1182 3792 16
1214 3744 1497 3791 reem-reexit
1527 3743 1576 3790 P
1604 3745 1859 3792 resurrexit
1889 3750 1972 3793 cet.
2073 3747 2128 3793 17
2164 3746 2289 3806 quod
2323 3746 2370 3794 Β
2467 3749 2524 3796 18
2558 3748 2636 3796 dei
2667 3749 2794 3798 filiun
2824 3748 2866 3798 B
2960 3752 3020 3798 19
3050 3750 3127 3813 ut]

1124 3827 1173 3869 et
1209 3821 1251 3869 C
1388 3822 1695 3870 resuscitaret
1724 3823 1773 3870 P
1805 3827 1849 3876 (e
1884 3823 1969 3869 alt.
2006 3838 2064 3870 ω)
2096 3825 2130 3881 i)
2244 3824 2305 3870 20
2339 3828 2412 3873 est
2442 3840 2531 3874 om.
2564 3826 2681 3875 ΒΡ
2804 3829 3124 3890 praesentium

1122 3900 1170 3947 B
1200 3901 1243 3961 (s
1276 3915 1335 3947 ex
1366 3899 1415 3957 d)
1514 3900 1575 3948 22
1606 3915 1681 3948 me
1715 3916 1803 3948 om.
1841 3901 1950 3949 DP‘
2078 3917 2379 3950 conseruare-s
2413 3903 2724 3955 absconderes
2754 3905 2806 3956 P
2835 3908 2931 3967 (-es
2962 3907 3039 3955 bie
3069 3921 3128 3956 a·

1125 3978 1207 4036 -is)
1306 3979 1367 4027 25
1400 3979 1524 4026 uiuit
1555 3979 1668 4026 DP¹
1701 3980 1833 4027 uiuet
1867 3983 1916 4028 et
1953 3980 1993 4027 C

2976 4077 3059 4124 15·
