4242 4694
1142 539 1257 595 554
1972 533 2317 581 Ambrosii

1144 710 1213 765 et
1277 724 1407 765 non
1475 706 1628 765 uidi
1692 706 1962 764 iustum
2029 704 2456 764 derelictum
2518 722 2644 763 nec
2701 722 2944 764 semen
3003 707 3148 764 eius

1145 811 1492 874 quaerens
1549 816 1811 875 panem.
1869 802 2027 857 tota
2082 798 2194 856 die
2246 798 2640 857 miseretur
2690 803 2758 857 et
2812 799 3144 859 faenerat.

1143 894 1289 953 unde
1347 894 1478 953 huic
1533 894 1687 953 iusto
1737 892 1886 967 quod
1934 896 2057 951 tota
2103 892 2191 950 die
2239 893 2522 951 foeneret?
2569 910 2702 970 ergo
2750 893 2920 952 diues
2971 894 3145 951 iustus

1142 991 1232 1048 est
1288 992 1346 1046 et
1402 990 1607 1062 quanto
1667 986 1836 1044 ditior
1890 986 2277 1060 unusquisque
2333 987 2504 1045 fuerit
2554 989 2710 1046 tanto
2765 987 3014 1045 iustior?
3060 987 3144 1061 qui

1140 1084 1269 1156 plus
1310 1082 1569 1140 habuerit
1607 1081 1755 1139 unde
1795 1082 2040 1139 foeneret
2078 1080 2199 1154 ipse
2240 1080 2348 1139 erit
2385 1081 2634 1139 iustior?
2664 1081 2764 1139 sed
2820 1081 3141 1139 difficile
3182 1082 3246 1131 ⁵!

1050 1176 1350 1240 60diues
1398 1177 1630 1234 intret
1675 1174 1742 1233 in
1792 1192 2083 1251 regnum
2132 1175 2515 1234 caelorum.
2558 1175 2693 1249 quid
2733 1192 2867 1251 ergo
2911 1176 3148 1234 faeneret

1089 1303 1094 1307 ·
1141 1270 1230 1329 dic
1270 1271 1426 1339 mihi,
1469 1272 1660 1328 sancte
1701 1269 1913 1327 Dauid!
1955 1271 2146 1327 contra
2184 1286 2274 1326 me
2315 1269 2524 1342 protuli
2576 1270 2992 1337 testimonium,
3047 1268 3144 1326 nisi

1141 1364 1283 1422 mihi
1323 1363 1610 1422 subuenis.
1651 1363 1854 1422 Petrus
1897 1362 2139 1420 dicebat:
2195 1365 2565 1439 argentum
2619 1366 2690 1421 et
2739 1380 2984 1422 aurum
3025 1380 3143 1420 non

1141 1458 1394 1517 habeo:
1460 1457 1730 1530 numquid
1793 1473 1899 1516 non
1967 1459 2087 1515 erat
2146 1458 2371 1518 iustus?
2434 1460 2499 1516 tn
2563 1457 2702 1515 mihi
2757 1474 2892 1533 ergo
2951 1473 3145 1532 expone

1144 1552 1279 1625 quid
1334 1553 1596 1610 faeneret.
1656 1552 1843 1609 dixisti
1893 1552 2067 1610 enim:
2121 1552 2378 1610 beatus
2439 1552 2547 1610 uir
2598 1552 2715 1625 qui
2768 1552 3208 1609 miseretnru

1144 1649 1215 1704 et
1255 1647 1674 1715 commodat,
1718 1645 2058 1720 disponet
2096 1663 2460 1704 sermones
2513 1663 2680 1704 suos
2734 1646 2803 1704 in
2856 1646 3143 1704 iudicio.

1141 1741 1328 1800 inueni
1369 1739 1503 1813 quid
1543 1740 1790 1808 faenerat
1828 1739 2034 1798 iustus.
2075 1740 2275 1799 Petrus
2317 1758 2537 1815 quoque
2576 1758 2666 1799 me
2705 1741 2910 1800 doceat
2948 1744 3007 1799 et
3032 1740 3146 1815 ipse

1145 1835 1278 1909 quid
1309 1835 1570 1903 honeret,
1605 1834 1701 1908 qui
1736 1834 1873 1892 dixit
1903 1835 2054 1907 inopi
2093 1834 2411 1893 adtendenti
2443 1834 2513 1894 sd
2544 1852 2606 1893 se
2638 1839 2695 1892 et
2725 1834 2796 1892 ad
2829 1833 3145 1893 Iohannem:

1145 1933 1520 2005 argentum
1564 1933 1632 1987 et
1672 1945 1917 1987 aurum
1970 1946 2111 1987 non
2166 1929 2408 1991 habeo.
2462 1929 2601 1987 nihil
2642 1945 2775 2005 ergo
2816 1928 2980 1988 dabis
3021 1946 3148 2003 pan·
3229 1927 3246 1977 l

1143 2023 1281 2097 peri,
1329 2022 1620 2096 apostole?
1674 2022 1771 2080 das
1819 2025 2003 2080 temen
2058 2026 2115 2080 et
2161 2023 2288 2096 plus
2338 2022 2438 2080 das
2485 2040 2650 2095 quam
2699 2022 2816 2090 alii,
2860 2022 2965 2079 das
2999 2022 3147 2094 inopi
3172 2041 3207 2078 ιε

1146 2115 1294 2190 quod
1334 2115 1430 2174 alii
1471 2115 1672 2174 donare
1713 2133 1819 2174 non
1860 2119 2115 2190 possunt,
2158 2117 2257 2174 das
2298 2116 2449 2190 inopi
2487 2118 2618 2189 post
2658 2116 2808 2190 quod
2849 2132 3015 2191 egere
3046 2133 3144 2173 non

1146 2210 1344 2285 possit,
1395 2209 1493 2267 des
1540 2210 1693 2284 inopi
1743 2210 1891 2283 quod
1941 2211 2110 2269 etiam
2164 2210 2370 2269 diuites
2427 2210 2675 2284 accipere
2730 2210 3147 2285 concupiscunt,

1148 2304 1247 2363 das
1293 2304 1445 2378 inopi
1492 2303 1639 2377 quod
1690 2304 1747 2361 hi
1787 2304 1883 2377 qui
1923 2304 2079 2363 istud
2117 2308 2410 2381 argentum
2450 2308 2509 2363 et
2545 2320 2742 2362 nurum
2780 2305 2995 2364 habent
3031 2322 3145 2364 con-

1144 2400 1285 2458 ferre
1340 2415 1447 2457 non
1497 2398 1770 2468 uenerint,
1820 2399 1952 2472 quia
1998 2399 2233 2457 auaritia
2278 2416 2376 2458 eos
2422 2399 2653 2472 inpedit,
2693 2398 2794 2456 das
2837 2398 3013 2474 inopi,
3060 2398 3146 2474 qni

1148 2510 1276 2551 eum
1326 2492 1597 2550 diuitibus
1643 2492 1817 2551 facias
1869 2492 2145 2551 ditiorem.
2201 2493 2448 2552 incitasti
2489 2492 2737 2551 animum
2777 2510 2991 2561 meum,
3031 2511 3145 2552 con·
3168 2510 3204 2548 ιο

1146 2587 1374 2660 cupisco
1426 2587 1531 2643 hoc
1580 2586 1784 2644 donum
1834 2588 2013 2645 tuum.
2069 2587 2258 2646 dicito.
2306 2604 2463 2663 rogo,
2519 2587 2656 2661 quid
2712 2587 2830 2644 des.
2890 2588 3007 2645 noli
3061 2603 3142 2643 me
3198 2583 3246 2632 ⁶¹⁸2

1147 2680 1243 2738 diu
1300 2697 1639 2752 suspensum
1695 2679 1949 2747 reddere3
2017 2682 2179 2755 cupio
2237 2684 2423 2755 petere
2488 2682 2537 2739 si
2601 2682 2713 2739 cito
2778 2682 2993 2739 solues.
3056 2679 3143 2738 sed

1147 2773 1374 2832 soluisti
1429 2774 1569 2831 cito:
1627 2790 1734 2832 non
1794 2772 2066 2832 distulisti
2121 2775 2359 2848 inopem,
2417 2792 2524 2833 non
2584 2775 2888 2849 despexisti
2935 2791 3141 2850 precem

1302 2992 1330 3038 5
1364 2990 1536 3037 Matth.
1573 2990 1648 3046 19,
1682 2990 1742 3037 23
1838 2990 1867 3037 8
1900 2990 2005 3038 Act.
2041 2990 2085 3045 3,
2119 2992 2147 3040 6
2247 2991 2306 3039 10
2337 2990 2513 3039 Psalm.
2546 2989 2652 3040 CXI
2682 2992 2713 3039 5

1207 3116 1236 3163 3
1269 3114 1485 3162 foenerat
1515 3115 1564 3162 Β
1596 3114 1780 3163 fenerat
1810 3115 1926 3164 DP‘
1989 3117 2018 3163 5
2049 3114 2273 3164 habuerit
2303 3130 2393 3164 out.
2424 3116 2537 3165 DP·
2632 3113 2776 3177 unde]
2814 3119 2872 3163 nt
2890 3114 2943 3162 Β
2973 3112 3080 3163 inde
3106 3112 3143 3160 T

1144 3192 1330 3242 fenerat
1359 3193 1472 3241 DP'
1597 3193 1681 3240 sed
1699 3230 1710 3241 .
1731 3231 1742 3241 .
1763 3232 1774 3243 .
1795 3193 2030 3242 caelorum
2064 3208 2154 3243 om.
2179 3194 2276 3241 BT
2388 3194 2416 3240 7
2448 3193 2652 3256 protulit
2689 3192 2735 3240 V
2850 3193 2881 3241 8
2903 3208 3069 3243 aarum
3099 3195 3141 3240 et

1144 3275 1395 3333 argentum
1426 3271 1540 3320 DP'
1637 3271 1697 3320 10
1729 3271 1928 3328 feneret,
1963 3271 2136 3320 deinde
2168 3272 2282 3320 add.
2317 3271 2487 3321 iustus.
2522 3272 2683 3334 itaque
2717 3270 2832 3320 dum
2864 3275 2916 3320 te
2941 3272 3064 3334 lego,
3087 3269 3137 3319 de

1144 3353 1193 3398 te
1226 3350 1432 3412 requiro,
1468 3351 1661 3412 exponis
1695 3350 1811 3397 mihi
1847 3349 1962 3411 quid
1994 3351 2179 3398 feneret
2220 3351 2265 3397 V
2386 3351 2460 3398 nir
2489 3363 2581 3400 om.
2611 3349 2725 3398 DP'
2840 3351 2896 3398 11
2934 3349 3141 3411 disponet

1147 3432 1218 3487 (et
1247 3429 1303 3476 in
1333 3433 1453 3485 ras.)
1493 3427 1534 3474 G
1563 3427 1775 3490 disponit
1819 3429 1867 3486 V,
1900 3433 2023 3476 recte
2044 3434 2170 3489 puto
2238 3430 2296 3476 12
2329 3427 2513 3486 feneret
2554 3427 2593 3472 V
2620 3427 2804 3476 feneret
2827 3428 2888 3476 P·
2928 3422 2933 3425 ’
2989 3428 3143 3477 docent

1144 3521 1220 3555 me
1253 3506 1365 3554 DP'
1400 3504 1572 3553 doceat
1604 3510 1652 3563 (a
1683 3521 1719 3553 s.
1755 3510 1824 3562 u.)
1859 3507 1995 3553 Pm1
2034 3507 2175 3554 Vm2
2205 3505 2346 3554 docet
2384 3506 2429 3554 T
2520 3507 2579 3555 13
2613 3504 2732 3554 dicit
2762 3505 2815 3553 Β
2922 3508 2983 3556 14
3012 3506 3138 3567 nihil]

1143 3599 1237 3646 non
1271 3584 1318 3631 Β
1419 3586 1474 3632 16
1508 3584 1620 3631 dare
1655 3583 1816 3632 BDP‘
1910 3584 2182 3646 post'qnod
2201 3623 2210 3632 .
2229 3624 2241 3635 .
2264 3622 2274 3633 .
2293 3584 2479 3647 inpedit
2509 3583 2594 3632 das
2625 3583 2757 3646 inopi
2784 3589 2854 3639 (ιι.
2879 3589 2964 3643 19)
2991 3599 3076 3634 on.
3109 3582 3143 3630 C

1207 3677 1300 3725 qno
1324 3667 1434 3723 (om.
1468 3664 1596 3725 post)
1621 3661 1736 3710 DP‘
1802 3663 1859 3711 18
1886 3663 1953 3712 hii
1978 3663 2090 3711 DP'
2185 3662 2303 3711 illud
2327 3664 2377 3711 Β
2468 3663 2651 3711 habent
2680 3677 2772 3711 om.
2798 3662 2848 3710 Β
2916 3665 2978 3712 19
3009 3676 3140 3711 none-

1144 3741 1241 3789 rint
1272 3742 1320 3789 P
1348 3744 1586 3790 nonerunt
1618 3747 1701 3789 cet.
1833 3742 1915 3803 qui
1946 3741 1995 3789 P
2025 3756 2118 3804 quo
2161 3741 2303 3790 VBT
2330 3741 2456 3803 qnod
2488 3746 2570 3790 cd.
2669 3741 2729 3789 20
2763 3756 2847 3789 eos
2879 3741 2933 3790 Ρ
2964 3742 3009 3790 ei
3038 3742 3084 3789 in
3110 3739 3144 3786 G

1207 3819 1485 3880 concupisco
1521 3824 1563 3876 (s
1595 3833 1634 3868 s.
1666 3822 1735 3877 u.)
1780 3820 1825 3866 V
1978 3821 2035 3868 21
2072 3820 2162 3868 hoc
2194 3834 2283 3868 om.
2324 3819 2367 3868 G
2488 3820 2636 3868 dicito
2679 3819 2724 3866 V
2752 3818 2833 3868 dic
2867 3821 2968 3869 cito
3002 3820 3050 3868 P
3076 3823 3143 3875 (cs

1145 3897 1321 3954 decito)
1356 3902 1438 3944 cet.
1564 3897 1663 3945 noli
1709 3898 1754 3943 V
1779 3899 1887 3946 nolo
1922 3905 2003 3947 oet.
2132 3900 2194 3946 22
2227 3899 2386 3946 solues
2416 3898 2530 3947 DP'
2656 3897 2717 3946 23
2752 3899 2850 3946 cito
2885 3899 3075 3948 soluisti
3103 3896 3143 3943 B

1206 3974 1453 4036 dispexisti
1486 3975 1534 4021 P
