<?xml version="1.0" encoding="UTF-8"?>
<!DOCTYPE html PUBLIC "-//W3C//DTD XHTML 1.0 Transitional//EN"
    "http://www.w3.org/TR/xhtml1/DTD/xhtml1-transitional.dtd">
<html xmlns="http://www.w3.org/1999/xhtml" xml:lang="en" lang="en">
 <head>
  <title>
</title>
<meta http-equiv="Content-Type" content="text/html;charset=utf-8" />
  <meta name='ocr-system' content='tesseract 3.04.00' />
  <meta name='ocr-capabilities' content='ocr_page ocr_carea ocr_par ocr_line ocrx_word'/>
</head>
<body>
  <div class='ocr_page' id='page_1' title='image "./sanctiambrosiio03petsgoog_0552.png"; bbox 0 0 4242 4694; ppageno 0'>
   <div class='ocr_carea' id='block_1_1' title="bbox 1113 528 2279 591">
    <p class='ocr_par' dir='ltr' id='par_1_1' title="bbox 1113 528 2279 591">
     <span class='ocr_line' id='line_1_1' title="bbox 1113 528 2279 591; baseline 0 -15"><span class='ocrx_word' id='word_1_1' title='bbox 1113 532 1230 591; x_wconf 78' lang='lat'><strong>494</strong></span> <span class='ocrx_word' id='word_1_2' title='bbox 1546 529 1551 534; x_wconf 80' lang='grc'><strong>’</strong></span> <span class='ocrx_word' id='word_1_3' title='bbox 1856 544 1863 550; x_wconf 93' lang='grc'>·</span> <span class='ocrx_word' id='word_1_4' title='bbox 1936 528 2279 587; x_wconf 76' lang='lat' dir='ltr'><strong>Ambrosii</strong></span> 
     </span>
    </p>
   </div>
   <div class='ocr_carea' id='block_1_2' title="bbox 1026 697 3246 2849">
    <p class='ocr_par' dir='ltr' id='par_1_2' title="bbox 1114 697 3244 1339">
     <span class='ocr_line' id='line_1_2' title="bbox 1115 697 3115 777; baseline -0.001 -18"><span class='ocrx_word' id='word_1_5' title='bbox 1115 706 1186 760; x_wconf 81' lang='lat' dir='ltr'><strong>et</strong></span> <span class='ocrx_word' id='word_1_6' title='bbox 1222 719 1473 777; x_wconf 87' lang='lat' dir='ltr'><strong>regem.</strong></span> <span class='ocrx_word' id='word_1_7' title='bbox 1518 719 1585 761; x_wconf 92' lang='lat' dir='ltr'><strong>ne</strong></span> <span class='ocrx_word' id='word_1_8' title='bbox 1624 701 1859 760; x_wconf 88' lang='lat' dir='ltr'><strong>diuitem</strong></span> <span class='ocrx_word' id='word_1_9' title='bbox 1900 699 2183 759; x_wconf 86' lang='lat' dir='ltr'><strong>maledicti</strong></span> <span class='ocrx_word' id='word_1_10' title='bbox 2222 717 2422 758; x_wconf 84' lang='lat' dir='ltr'><strong>nomen</strong></span> <span class='ocrx_word' id='word_1_11' title='bbox 2462 699 2705 757; x_wconf 83' lang='lat' dir='ltr'><strong>offendat</strong></span> <span class='ocrx_word' id='word_1_12' title='bbox 2745 702 2804 756; x_wconf 91' lang='lat' dir='ltr'><strong>et</strong></span> <span class='ocrx_word' id='word_1_13' title='bbox 2843 697 3115 757; x_wconf 90' lang='lat' dir='ltr'><strong>sermonis</strong></span> 
     </span>
     <span class='ocr_line' id='line_1_3' title="bbox 1115 793 3116 871; baseline -0.001 -18"><span class='ocrx_word' id='word_1_14' title='bbox 1115 796 1237 871; x_wconf 90' lang='lat' dir='ltr'><strong>ipso</strong></span> <span class='ocrx_word' id='word_1_15' title='bbox 1287 796 1541 855; x_wconf 81' lang='lat' dir='ltr'><strong>laedatur</strong></span> <span class='ocrx_word' id='word_1_16' title='bbox 1586 813 1740 866; x_wconf 90' lang='lat' dir='ltr'><strong>sono,</strong></span> <span class='ocrx_word' id='word_1_17' title='bbox 1787 794 2097 854; x_wconf 78' lang='lat' dir='ltr'>benedictio</span> <span class='ocrx_word' id='word_1_18' title='bbox 2145 811 2243 868; x_wconf 92' lang='lat' dir='ltr'><strong>pro</strong></span> <span class='ocrx_word' id='word_1_19' title='bbox 2291 793 2589 853; x_wconf 89' lang='lat' dir='ltr'><strong>maledicto</strong></span> <span class='ocrx_word' id='word_1_20' title='bbox 2640 797 2893 853; x_wconf 89' lang='lat' dir='ltr'><strong>uocatur.</strong></span> <span class='ocrx_word' id='word_1_21' title='bbox 2952 811 3116 867; x_wconf 88' lang='lat' dir='ltr'><strong>quae-</strong></span> 
     </span>
     <span class='ocr_line' id='line_1_4' title="bbox 1114 887 3120 965; baseline -0.001 -18"><span class='ocrx_word' id='word_1_22' title='bbox 1114 893 1315 948; x_wconf 89' lang='lat' dir='ltr'><strong>runtur</strong></span> <span class='ocrx_word' id='word_1_23' title='bbox 1353 890 1462 949; x_wconf 93' lang='lat' dir='ltr'><strong>duo</strong></span> <span class='ocrx_word' id='word_1_24' title='bbox 1502 893 1677 950; x_wconf 88' lang='lat' dir='ltr'><strong>testes</strong></span> <span class='ocrx_word' id='word_1_25' title='bbox 1716 890 2049 965; x_wconf 86' lang='lat' dir='ltr'><strong>iniquitatis.</strong></span> <span class='ocrx_word' id='word_1_26' title='bbox 2100 888 2317 948; x_wconf 91' lang='lat' dir='ltr'><strong>duobus</strong></span> <span class='ocrx_word' id='word_1_27' title='bbox 2357 888 2599 946; x_wconf 89' lang='lat' dir='ltr'><strong>testibus</strong></span> <span class='ocrx_word' id='word_1_28' title='bbox 2641 891 2697 946; x_wconf 92' lang='lat' dir='ltr'><strong>et</strong></span> <span class='ocrx_word' id='word_1_29' title='bbox 2737 887 2992 946; x_wconf 79' lang='lat' dir='ltr'><strong>Susanna</strong></span> <span class='ocrx_word' id='word_1_30' title='bbox 3030 890 3120 945; x_wconf 85' lang='lat' dir='ltr'><strong>est</strong></span> 
     </span>
     <span class='ocr_line' id='line_1_5' title="bbox 1118 981 3118 1059; baseline 0 -19"><span class='ocrx_word' id='word_1_31' title='bbox 1118 983 1381 1058; x_wconf 73' lang='lat' dir='ltr'><strong>adpetita,</strong></span> <span class='ocrx_word' id='word_1_32' title='bbox 1432 984 1541 1042; x_wconf 92' lang='lat' dir='ltr'><strong>duo</strong></span> <span class='ocrx_word' id='word_1_33' title='bbox 1597 984 1761 1043; x_wconf 86' lang='lat' dir='ltr'><strong>testis</strong></span> <span class='ocrx_word' id='word_1_34' title='bbox 1817 987 1877 1041; x_wconf 91' lang='lat' dir='ltr'><strong>et</strong></span> <span class='ocrx_word' id='word_1_35' title='bbox 1922 1000 2208 1059; x_wconf 80' lang='lat' dir='ltr'><strong>synagoga</strong></span> <span class='ocrx_word' id='word_1_36' title='bbox 2246 983 2474 1052; x_wconf 90' lang='lat' dir='ltr'><strong>inuenit,</strong></span> <span class='ocrx_word' id='word_1_37' title='bbox 2517 983 2612 1056; x_wconf 91' lang='lat' dir='ltr'><strong>qui</strong></span> <span class='ocrx_word' id='word_1_38' title='bbox 2652 981 2920 1040; x_wconf 90' lang='lat' dir='ltr'><strong>aduersus</strong></span> <span class='ocrx_word' id='word_1_39' title='bbox 2964 981 3118 1040; x_wconf 89' lang='lat' dir='ltr'><strong>Chri·</strong></span> 
     </span>
     <span class='ocr_line' id='line_1_6' title="bbox 1119 1076 3244 1151; baseline 0 -16"><span class='ocrx_word' id='word_1_40' title='bbox 1119 1080 1267 1135; x_wconf 86' lang='lat' dir='ltr'><strong>stum</strong></span> <span class='ocrx_word' id='word_1_41' title='bbox 1317 1078 1460 1136; x_wconf 87' lang='lat' dir='ltr'><strong>falsa</strong></span> <span class='ocrx_word' id='word_1_42' title='bbox 1505 1079 1792 1146; x_wconf 88' lang='lat' dir='ltr'><strong>iactareut,</strong></span> <span class='ocrx_word' id='word_1_43' title='bbox 1839 1077 2057 1136; x_wconf 87' lang='lat' dir='ltr'><strong>duobus</strong></span> <span class='ocrx_word' id='word_1_44' title='bbox 2096 1076 2338 1136; x_wconf 83' lang='lat' dir='ltr'><strong>testibus</strong></span> <span class='ocrx_word' id='word_1_45' title='bbox 2378 1094 2587 1151; x_wconf 82' lang='lat' dir='ltr'><strong>pauper</strong></span> <span class='ocrx_word' id='word_1_46' title='bbox 2624 1077 2916 1135; x_wconf 89' lang='lat' dir='ltr'><strong>occiditur.</strong></span> <span class='ocrx_word' id='word_1_47' title='bbox 2973 1094 3118 1151; x_wconf 89' lang='lat' dir='ltr'><strong>pro·</strong></span> <span class='ocrx_word' id='word_1_48' title='bbox 3165 1091 3187 1128; x_wconf 68' lang='grc' dir='ltr'>ι</span> <span class='ocrx_word' id='word_1_49' title='bbox 3217 1078 3244 1128; x_wconf 82' lang='lat' dir='ltr'><strong>C</strong></span> 
     </span>
     <span class='ocr_line' id='line_1_7' title="bbox 1121 1170 3124 1247; baseline 0 -19"><span class='ocrx_word' id='word_1_50' title='bbox 1121 1170 1474 1230; x_wconf 87' lang='lat' dir='ltr'><strong>duxerunt</strong></span> <span class='ocrx_word' id='word_1_51' title='bbox 1528 1171 1760 1247; x_wconf 87' lang='lat' dir='ltr'><strong>igitur</strong></span> <span class='ocrx_word' id='word_1_52' title='bbox 1808 1171 2179 1230; x_wconf 81' lang='lat' dir='ltr'><strong>Nabuthae</strong></span> <span class='ocrx_word' id='word_1_53' title='bbox 2230 1173 2423 1229; x_wconf 89' lang='lat' dir='ltr'><strong>foras</strong></span> <span class='ocrx_word' id='word_1_54' title='bbox 2482 1174 2550 1228; x_wconf 90' lang='lat' dir='ltr'><strong>et</strong></span> <span class='ocrx_word' id='word_1_55' title='bbox 2603 1170 3124 1244; x_wconf 88' lang='lat' dir='ltr'><strong>lapidauerunt</strong></span> 
     </span>
     <span class='ocr_line' id='line_1_8' title="bbox 1120 1264 3120 1339; baseline 0 -17"><span class='ocrx_word' id='word_1_56' title='bbox 1120 1281 1289 1323; x_wconf 88' lang='lat' dir='ltr'><strong>eum.</strong></span> <span class='ocrx_word' id='word_1_57' title='bbox 1328 1265 1541 1323; x_wconf 89' lang='lat' dir='ltr'><strong>utinam</strong></span> <span class='ocrx_word' id='word_1_58' title='bbox 1583 1266 1675 1324; x_wconf 90' lang='lat' dir='ltr'><strong>uel</strong></span> <span class='ocrx_word' id='word_1_59' title='bbox 1715 1265 1772 1323; x_wconf 93' lang='lat' dir='ltr'><strong>in</strong></span> <span class='ocrx_word' id='word_1_60' title='bbox 1814 1265 1932 1323; x_wconf 85' lang='lat' dir='ltr'><strong>suis</strong></span> <span class='ocrx_word' id='word_1_61' title='bbox 1965 1267 2015 1324; x_wconf 94' lang='lat' dir='ltr'><strong>ei</strong></span> <span class='ocrx_word' id='word_1_62' title='bbox 2048 1265 2242 1323; x_wconf 92' lang='lat' dir='ltr'><strong>liceret</strong></span> <span class='ocrx_word' id='word_1_63' title='bbox 2271 1266 2440 1323; x_wconf 83' lang='lat' dir='ltr'><strong>mori!</strong></span> <span class='ocrx_word' id='word_1_64' title='bbox 2482 1265 2712 1339; x_wconf 88' lang='lat' dir='ltr'><strong>pauperi</strong></span> <span class='ocrx_word' id='word_1_65' title='bbox 2741 1264 2923 1339; x_wconf 82' lang='lat' dir='ltr'><strong>ipsam</strong></span> <span class='ocrx_word' id='word_1_66' title='bbox 2957 1264 3120 1322; x_wconf 86' lang='lat' dir='ltr'><strong>diues</strong></span> 
     </span>
    </p>

    <p class='ocr_par' dir='ltr' id='par_1_3' title="bbox 1026 1351 3246 2282">
     <span class='ocr_line' id='line_1_9' title="bbox 1026 1351 3122 1434; baseline 0 -18"><span class='ocrx_word' id='word_1_67' title='bbox 1026 1351 1099 1411; x_wconf 82' lang='lat'><strong>47</strong></span> <span class='ocrx_word' id='word_1_68' title='bbox 1119 1359 1335 1417; x_wconf 88' lang='lat' dir='ltr'><strong>inuidet</strong></span> <span class='ocrx_word' id='word_1_69' title='bbox 1372 1359 1736 1434; x_wconf 77' lang='lat' dir='ltr'><strong>sepulturam.</strong></span> <span class='ocrx_word' id='word_1_70' title='bbox 1790 1363 1858 1418; x_wconf 91' lang='lat' dir='ltr'><strong>et</strong></span> <span class='ocrx_word' id='word_1_71' title='bbox 1895 1359 2162 1418; x_wconf 82' lang='lat' dir='ltr'><strong>factum</strong></span> <span class='ocrx_word' id='word_1_72' title='bbox 2204 1361 2314 1418; x_wconf 88' lang='lat' dir='ltr'><strong>est</strong></span> <span class='ocrx_word' id='word_1_73' title='bbox 2351 1360 2551 1433; x_wconf 89' lang='lat' dir='ltr'><strong>inquit,</strong></span> <span class='ocrx_word' id='word_1_74' title='bbox 2596 1376 2745 1416; x_wconf 90' lang='lat' dir='ltr'><strong>cum</strong></span> <span class='ocrx_word' id='word_1_75' title='bbox 2787 1359 3122 1417; x_wconf 82' lang='lat' dir='ltr'><strong>audisset</strong></span> 
     </span>
     <span class='ocr_line' id='line_1_10' title="bbox 1121 1452 3119 1527; baseline 0.001 -17"><span class='ocrx_word' id='word_1_76' title='bbox 1121 1452 1360 1511; x_wconf 86' lang='lat' dir='ltr'><strong>Achab</strong></span> <span class='ocrx_word' id='word_1_77' title='bbox 1419 1454 1584 1527; x_wconf 85' lang='lat' dir='ltr'><strong>quia</strong></span> <span class='ocrx_word' id='word_1_78' title='bbox 1631 1458 1953 1512; x_wconf 89' lang='lat' dir='ltr'><strong>mortuus</strong></span> <span class='ocrx_word' id='word_1_79' title='bbox 2002 1458 2112 1512; x_wconf 86' lang='lat' dir='ltr'><strong>est</strong></span> <span class='ocrx_word' id='word_1_80' title='bbox 2158 1453 2552 1523; x_wconf 86' lang='lat' dir='ltr'><strong>Nabuthae,</strong></span> <span class='ocrx_word' id='word_1_81' title='bbox 2602 1453 2967 1512; x_wconf 86' lang='lat' dir='ltr'><strong>conscidit</strong></span> <span class='ocrx_word' id='word_1_82' title='bbox 3012 1470 3119 1511; x_wconf 87' lang='lat' dir='ltr'><strong>ue-</strong></span> 
     </span>
     <span class='ocr_line' id='line_1_11' title="bbox 1122 1547 3187 1623; baseline -0.003 -17"><span class='ocrx_word' id='word_1_83' title='bbox 1122 1547 1468 1606; x_wconf 86' lang='lat' dir='ltr'><strong>stimenta</strong></span> <span class='ocrx_word' id='word_1_84' title='bbox 1507 1565 1632 1606; x_wconf 87' lang='lat' dir='ltr'><strong>sua</strong></span> <span class='ocrx_word' id='word_1_85' title='bbox 1671 1551 1741 1607; x_wconf 92' lang='lat' dir='ltr'><strong>et</strong></span> <span class='ocrx_word' id='word_1_86' title='bbox 1779 1550 2156 1623; x_wconf 81' lang='lat' dir='ltr'><strong>cooperuit</strong></span> <span class='ocrx_word' id='word_1_87' title='bbox 2189 1565 2259 1607; x_wconf 88' lang='lat' dir='ltr'><strong>se</strong></span> <span class='ocrx_word' id='word_1_88' title='bbox 2294 1549 2561 1607; x_wconf 87' lang='lat' dir='ltr'><strong>cilicio.</strong></span> <span class='ocrx_word' id='word_1_89' title='bbox 2604 1551 2673 1606; x_wconf 93' lang='lat' dir='ltr'><strong>et</strong></span> <span class='ocrx_word' id='word_1_90' title='bbox 2702 1549 2972 1606; x_wconf 88' lang='lat' dir='ltr'><strong>factum</strong></span> <span class='ocrx_word' id='word_1_91' title='bbox 3006 1550 3119 1606; x_wconf 89' lang='lat' dir='ltr'><strong>est</strong></span> <span class='ocrx_word' id='word_1_92' title='bbox 3147 1562 3187 1600; x_wconf 81' lang='grc' dir='ltr'><strong>ιο</strong></span> 
     </span>
     <span class='ocr_line' id='line_1_12' title="bbox 1119 1640 3118 1715; baseline -0.001 -15"><span class='ocrx_word' id='word_1_93' title='bbox 1119 1643 1282 1715; x_wconf 86' lang='lat' dir='ltr'><strong>post</strong></span> <span class='ocrx_word' id='word_1_94' title='bbox 1336 1640 1506 1699; x_wconf 88' lang='lat' dir='ltr'><strong>haec</strong></span> <span class='ocrx_word' id='word_1_95' title='bbox 1563 1645 1632 1700; x_wconf 90' lang='lat' dir='ltr'><strong>et</strong></span> <span class='ocrx_word' id='word_1_96' title='bbox 1688 1642 2003 1701; x_wconf 86' lang='lat' dir='ltr'><strong>surrexit</strong></span> <span class='ocrx_word' id='word_1_97' title='bbox 2057 1646 2126 1700; x_wconf 90' lang='lat' dir='ltr'><strong>et</strong></span> <span class='ocrx_word' id='word_1_98' title='bbox 2181 1642 2559 1701; x_wconf 89' lang='lat' dir='ltr'><strong>descendit</strong></span> <span class='ocrx_word' id='word_1_99' title='bbox 2597 1641 2836 1700; x_wconf 86' lang='lat' dir='ltr'><strong>Achab</strong></span> <span class='ocrx_word' id='word_1_100' title='bbox 2889 1640 2972 1698; x_wconf 91' lang='lat' dir='ltr'><strong>ad</strong></span> <span class='ocrx_word' id='word_1_101' title='bbox 3022 1642 3118 1699; x_wconf 90' lang='lat' dir='ltr'><strong>ui-</strong></span> 
     </span>
     <span class='ocr_line' id='line_1_13' title="bbox 1121 1734 3120 1811; baseline 0 -17"><span class='ocrx_word' id='word_1_102' title='bbox 1121 1752 1313 1795; x_wconf 86' lang='lat' dir='ltr'><strong>neam</strong></span> <span class='ocrx_word' id='word_1_103' title='bbox 1354 1734 1724 1795; x_wconf 83' lang='lat' dir='ltr'><strong>Nabuthae</strong></span> <span class='ocrx_word' id='word_1_104' title='bbox 1763 1736 2200 1795; x_wconf 84' lang='lat' dir='ltr'><strong>Israhelitae</strong></span> <span class='ocrx_word' id='word_1_105' title='bbox 2239 1736 2615 1811; x_wconf 87' lang='lat' dir='ltr'><strong>possidere</strong></span> <span class='ocrx_word' id='word_1_106' title='bbox 2657 1752 2820 1795; x_wconf 88' lang='lat' dir='ltr'><strong>eam.</strong></span> <span class='ocrx_word' id='word_1_107' title='bbox 2871 1736 3120 1794; x_wconf 88' lang='lat' dir='ltr'><strong>irascun-</strong></span> 
     </span>
     <span class='ocr_line' id='line_1_14' title="bbox 1120 1817 3116 1904; baseline -0.002 -15"><span class='ocrx_word' id='word_1_108' title='bbox 1120 1834 1215 1889; x_wconf 88' lang='lat' dir='ltr'><strong>tur</strong></span> <span class='ocrx_word' id='word_1_109' title='bbox 1253 1829 1458 1888; x_wconf 88' lang='lat' dir='ltr'><strong>diuites</strong></span> <span class='ocrx_word' id='word_1_110' title='bbox 1498 1833 1557 1889; x_wconf 89' lang='lat' dir='ltr'><strong>et</strong></span> <span class='ocrx_word' id='word_1_111' title='bbox 1594 1829 2019 1901; x_wconf 86' lang='lat' dir='ltr'><strong>calumniantur,</strong></span> <span class='ocrx_word' id='word_1_112' title='bbox 2054 1834 2120 1890; x_wconf 91' lang='lat' dir='ltr'><strong>ut</strong></span> <span class='ocrx_word' id='word_1_113' title='bbox 2147 1833 2399 1901; x_wconf 86' lang='lat' dir='ltr'><strong>noceant,</strong></span> <span class='ocrx_word' id='word_1_114' title='bbox 2434 1831 2484 1889; x_wconf 91' lang='lat' dir='ltr'><strong>si</strong></span> <span class='ocrx_word' id='word_1_115' title='bbox 2515 1817 2622 1889; x_wconf 84' lang='lat' dir='ltr'><strong>non</strong></span> <span class='ocrx_word' id='word_1_116' title='bbox 2655 1830 2940 1903; x_wconf 84' lang='lat' dir='ltr'><strong>optineant</strong></span> <span class='ocrx_word' id='word_1_117' title='bbox 2970 1829 3116 1904; x_wconf 87' lang='lat' dir='ltr'><strong>quod</strong></span> 
     </span>
     <span class='ocr_line' id='line_1_15' title="bbox 1122 1924 3246 1995; baseline -0 -13"><span class='ocrx_word' id='word_1_118' title='bbox 1122 1924 1576 1983; x_wconf 89' lang='lat' dir='ltr'><strong>desiderauerint.</strong></span> <span class='ocrx_word' id='word_1_119' title='bbox 1642 1941 1770 1982; x_wconf 88' lang='lat' dir='ltr'><strong>cum</strong></span> <span class='ocrx_word' id='word_1_120' title='bbox 1831 1931 2017 1982; x_wconf 88' lang='lat' dir='ltr'><strong>autem</strong></span> <span class='ocrx_word' id='word_1_121' title='bbox 2075 1925 2396 1984; x_wconf 86' lang='lat' dir='ltr'><strong>calumniati</strong></span> <span class='ocrx_word' id='word_1_122' title='bbox 2449 1925 2757 1995; x_wconf 88' lang='lat' dir='ltr'><strong>nocuerint,</strong></span> <span class='ocrx_word' id='word_1_123' title='bbox 2814 1924 3001 1982; x_wconf 89' lang='lat' dir='ltr'><strong>dolere</strong></span> <span class='ocrx_word' id='word_1_124' title='bbox 3032 1941 3116 1983; x_wconf 79' lang='lat' dir='ltr'><strong>se</strong></span> <span class='ocrx_word' id='word_1_125' title='bbox 3211 1924 3246 1973; x_wconf 88' lang='lat' dir='ltr'><strong>D</strong></span> 
     </span>
     <span class='ocr_line' id='line_1_16' title="bbox 1122 2018 3188 2094; baseline -0.001 -16"><span class='ocrx_word' id='word_1_126' title='bbox 1122 2020 1408 2089; x_wconf 85' lang='lat' dir='ltr'><strong>simulant,</strong></span> <span class='ocrx_word' id='word_1_127' title='bbox 1448 2019 1640 2078; x_wconf 85' lang='lat' dir='ltr'><strong>tristes</strong></span> <span class='ocrx_word' id='word_1_128' title='bbox 1695 2022 1880 2078; x_wconf 87' lang='lat' dir='ltr'><strong>tamen</strong></span> <span class='ocrx_word' id='word_1_129' title='bbox 1938 2022 1995 2078; x_wconf 90' lang='lat' dir='ltr'><strong>et</strong></span> <span class='ocrx_word' id='word_1_130' title='bbox 2048 2024 2332 2094; x_wconf 86' lang='lat' dir='ltr'><strong>tamquam</strong></span> <span class='ocrx_word' id='word_1_131' title='bbox 2388 2019 2589 2078; x_wconf 89' lang='lat' dir='ltr'><strong>maesti</strong></span> <span class='ocrx_word' id='word_1_132' title='bbox 2642 2036 2749 2078; x_wconf 91' lang='lat' dir='ltr'><strong>non</strong></span> <span class='ocrx_word' id='word_1_133' title='bbox 2800 2018 2965 2077; x_wconf 90' lang='lat' dir='ltr'><strong>corde</strong></span> <span class='ocrx_word' id='word_1_134' title='bbox 3019 2018 3116 2077; x_wconf 89' lang='lat' dir='ltr'><strong>sed</strong></span> <span class='ocrx_word' id='word_1_135' title='bbox 3146 2038 3188 2076; x_wconf 73' lang='grc' dir='ltr'><strong>ιι</strong></span> 
     </span>
     <span class='ocr_line' id='line_1_17' title="bbox 1122 2113 3120 2188; baseline -0.001 -16"><span class='ocrx_word' id='word_1_136' title='bbox 1122 2113 1289 2172; x_wconf 87' lang='lat' dir='ltr'><strong>uultu</strong></span> <span class='ocrx_word' id='word_1_137' title='bbox 1326 2113 1382 2171; x_wconf 90' lang='lat' dir='ltr'><strong>in</strong></span> <span class='ocrx_word' id='word_1_138' title='bbox 1424 2114 1795 2188; x_wconf 83' lang='lat' dir='ltr'><strong>possessionis</strong></span> <span class='ocrx_word' id='word_1_139' title='bbox 1837 2114 2082 2187; x_wconf 88' lang='lat' dir='ltr'><strong>direptae</strong></span> <span class='ocrx_word' id='word_1_140' title='bbox 2119 2113 2306 2172; x_wconf 89' lang='lat' dir='ltr'><strong>locum</strong></span> <span class='ocrx_word' id='word_1_141' title='bbox 2349 2113 2626 2188; x_wconf 86' lang='lat' dir='ltr'><strong>prodeunt</strong></span> <span class='ocrx_word' id='word_1_142' title='bbox 2662 2117 2720 2171; x_wconf 88' lang='lat' dir='ltr'><strong>et</strong></span> <span class='ocrx_word' id='word_1_143' title='bbox 2756 2113 3120 2187; x_wconf 87' lang='lat' dir='ltr'><strong>inpressionis</strong></span> 
     </span>
     <span class='ocr_line' id='line_1_18' title="bbox 1124 2207 1939 2282; baseline 0 -16"><span class='ocrx_word' id='word_1_144' title='bbox 1124 2224 1259 2267; x_wconf 87' lang='lat' dir='ltr'><strong>suae</strong></span> <span class='ocrx_word' id='word_1_145' title='bbox 1296 2207 1592 2281; x_wconf 84' lang='lat' dir='ltr'><strong>iniquitate</strong></span> <span class='ocrx_word' id='word_1_146' title='bbox 1629 2207 1939 2282; x_wconf 86' lang='lat' dir='ltr'><strong>potiuntur.</strong></span> 
     </span>
    </p>

    <p class='ocr_par' dir='ltr' id='par_1_4' title="bbox 1032 2297 3240 2849">
     <span class='ocr_line' id='line_1_19' title="bbox 1032 2297 3119 2377; baseline 0.003 -24"><span class='ocrx_word' id='word_1_147' title='bbox 1032 2297 1107 2354; x_wconf 84' lang='lat'><strong>48</strong></span> <span class='ocrx_word' id='word_1_148' title='bbox 1200 2300 1324 2359; x_wconf 90' lang='lat' dir='ltr'><strong>Hoc</strong></span> <span class='ocrx_word' id='word_1_149' title='bbox 1379 2300 1569 2359; x_wconf 90' lang='lat' dir='ltr'><strong>diuina</strong></span> <span class='ocrx_word' id='word_1_150' title='bbox 1622 2305 1882 2362; x_wconf 90' lang='lat' dir='ltr'><strong>mouetur</strong></span> <span class='ocrx_word' id='word_1_151' title='bbox 1932 2301 2152 2361; x_wconf 87' lang='lat' dir='ltr'><strong>iustitia</strong></span> <span class='ocrx_word' id='word_1_152' title='bbox 2206 2304 2264 2359; x_wconf 87' lang='lat' dir='ltr'><strong>et</strong></span> <span class='ocrx_word' id='word_1_153' title='bbox 2309 2318 2541 2360; x_wconf 85' lang='lat' dir='ltr'><strong>auarum</strong></span> <span class='ocrx_word' id='word_1_154' title='bbox 2596 2303 2763 2377; x_wconf 88' lang='lat' dir='ltr'><strong>digna</strong></span> <span class='ocrx_word' id='word_1_155' title='bbox 2819 2301 3119 2361; x_wconf 82' lang='lat' dir='ltr'><strong>seueritate</strong></span> 
     </span>
     <span class='ocr_line' id='line_1_20' title="bbox 1127 2395 3118 2470; baseline 0 -17"><span class='ocrx_word' id='word_1_156' title='bbox 1127 2395 1457 2454; x_wconf 88' lang='lat' dir='ltr'><strong>condemnat</strong></span> <span class='ocrx_word' id='word_1_157' title='bbox 1504 2396 1723 2456; x_wconf 88' lang='lat' dir='ltr'><strong>dicens:</strong></span> <span class='ocrx_word' id='word_1_158' title='bbox 1782 2396 2130 2455; x_wconf 90' lang='lat' dir='ltr'><strong>occidisti</strong></span> <span class='ocrx_word' id='word_1_159' title='bbox 2187 2398 2256 2455; x_wconf 85' lang='lat' dir='ltr'><strong>et</strong></span> <span class='ocrx_word' id='word_1_160' title='bbox 2308 2396 2711 2470; x_wconf 88' lang='lat' dir='ltr'><strong>possedisti</strong></span> <span class='ocrx_word' id='word_1_161' title='bbox 2768 2396 3118 2454; x_wconf 88' lang='lat' dir='ltr'><strong>heredita-</strong></span> 
     </span>
     <span class='ocr_line' id='line_1_21' title="bbox 1126 2490 3190 2564; baseline 0 -17"><span class='ocrx_word' id='word_1_162' title='bbox 1126 2493 1285 2549; x_wconf 89' lang='lat' dir='ltr'><strong>tem.</strong></span> <span class='ocrx_word' id='word_1_163' title='bbox 1341 2493 1638 2564; x_wconf 85' lang='lat' dir='ltr'><strong>propter</strong></span> <span class='ocrx_word' id='word_1_164' title='bbox 1682 2491 1812 2548; x_wconf 90' lang='lat' dir='ltr'><strong>hoc</strong></span> <span class='ocrx_word' id='word_1_165' title='bbox 1860 2491 1926 2548; x_wconf 92' lang='lat' dir='ltr'><strong>in</strong></span> <span class='ocrx_word' id='word_1_166' title='bbox 1975 2491 2151 2560; x_wconf 88' lang='lat' dir='ltr'><strong>loco,</strong></span> <span class='ocrx_word' id='word_1_167' title='bbox 2199 2490 2268 2548; x_wconf 91' lang='lat' dir='ltr'><strong>in</strong></span> <span class='ocrx_word' id='word_1_168' title='bbox 2317 2508 2451 2564; x_wconf 88' lang='lat' dir='ltr'><strong>quo</strong></span> <span class='ocrx_word' id='word_1_169' title='bbox 2502 2491 2870 2549; x_wconf 86' lang='lat' dir='ltr'><strong>linxerunt</strong></span> <span class='ocrx_word' id='word_1_170' title='bbox 2909 2506 3190 2548; x_wconf 66' lang='lat' dir='ltr'><strong>canesao</strong></span> 
     </span>
     <span class='ocr_line' id='line_1_22' title="bbox 1127 2582 3117 2660; baseline -0.001 -18"><span class='ocrx_word' id='word_1_171' title='bbox 1127 2584 1542 2660; x_wconf 87' lang='lat' dir='ltr'><strong>sanguinem</strong></span> <span class='ocrx_word' id='word_1_172' title='bbox 1585 2584 1979 2654; x_wconf 87' lang='lat' dir='ltr'><strong>Nabuthae,</strong></span> <span class='ocrx_word' id='word_1_173' title='bbox 2020 2584 2087 2643; x_wconf 89' lang='lat' dir='ltr'><strong>in</strong></span> <span class='ocrx_word' id='word_1_174' title='bbox 2137 2601 2212 2643; x_wconf 92' lang='lat' dir='ltr'><strong>eo</strong></span> <span class='ocrx_word' id='word_1_175' title='bbox 2259 2585 2540 2660; x_wconf 88' lang='lat' dir='ltr'><strong>lingent</strong></span> <span class='ocrx_word' id='word_1_176' title='bbox 2586 2602 2791 2643; x_wconf 85' lang='lat' dir='ltr'><strong>canes</strong></span> <span class='ocrx_word' id='word_1_177' title='bbox 2841 2582 3117 2660; x_wconf 86' lang='lat' dir='ltr'><strong>sangui-</strong></span> 
     </span>
     <span class='ocr_line' id='line_1_23' title="bbox 1128 2678 3119 2755; baseline 0.001 -21"><span class='ocrx_word' id='word_1_178' title='bbox 1128 2695 1279 2735; x_wconf 84' lang='lat' dir='ltr'><strong>nem</strong></span> <span class='ocrx_word' id='word_1_179' title='bbox 1322 2682 1517 2736; x_wconf 88' lang='lat' dir='ltr'><strong>tuum</strong></span> <span class='ocrx_word' id='word_1_180' title='bbox 1567 2682 1636 2737; x_wconf 91' lang='lat' dir='ltr'><strong>et</strong></span> <span class='ocrx_word' id='word_1_181' title='bbox 1680 2678 2102 2738; x_wconf 87' lang='lat' dir='ltr'><strong>meretrices</strong></span> <span class='ocrx_word' id='word_1_182' title='bbox 2158 2679 2592 2737; x_wconf 85' lang='lat' dir='ltr'><strong>lauabuntur</strong></span> <span class='ocrx_word' id='word_1_183' title='bbox 2646 2679 2713 2737; x_wconf 90' lang='lat' dir='ltr'><strong>in</strong></span> <span class='ocrx_word' id='word_1_184' title='bbox 2772 2678 3119 2755; x_wconf 88' lang='lat' dir='ltr'><strong>sanguine</strong></span> 
     </span>
     <span class='ocr_line' id='line_1_24' title="bbox 1126 2768 3240 2849; baseline 0.002 -20"><span class='ocrx_word' id='word_1_185' title='bbox 1126 2775 1266 2830; x_wconf 88' lang='lat' dir='ltr'><strong>tuo.</strong></span> <span class='ocrx_word' id='word_1_186' title='bbox 1323 2789 1490 2846; x_wconf 90' lang='lat' dir='ltr'><strong>quam</strong></span> <span class='ocrx_word' id='word_1_187' title='bbox 1544 2772 1712 2843; x_wconf 89' lang='lat' dir='ltr'><strong>iusta,</strong></span> <span class='ocrx_word' id='word_1_188' title='bbox 1770 2790 1934 2848; x_wconf 87' lang='lat' dir='ltr'><strong>quam</strong></span> <span class='ocrx_word' id='word_1_189' title='bbox 1992 2790 2188 2833; x_wconf 90' lang='lat' dir='ltr'><strong>seuera</strong></span> <span class='ocrx_word' id='word_1_190' title='bbox 2242 2776 2532 2844; x_wconf 88' lang='lat' dir='ltr'><strong>sententia,</strong></span> <span class='ocrx_word' id='word_1_191' title='bbox 2589 2779 2654 2834; x_wconf 91' lang='lat' dir='ltr'><strong>ut</strong></span> <span class='ocrx_word' id='word_1_192' title='bbox 2708 2793 2875 2849; x_wconf 90' lang='lat' dir='ltr'><strong>quam</strong></span> <span class='ocrx_word' id='word_1_193' title='bbox 2930 2775 3123 2834; x_wconf 81' lang='lat' dir='ltr'><strong>intulit</strong></span> <span class='ocrx_word' id='word_1_194' title='bbox 3210 2768 3240 2819; x_wconf 68' lang='grc' dir='ltr'><strong><em>Β</em></strong></span> 
     </span>
    </p>
   </div>
   <div class='ocr_carea' id='block_1_3' title="bbox 1129 3018 3124 3163">
    <p class='ocr_par' dir='ltr' id='par_1_5' title="bbox 1129 3018 3124 3163">
     <span class='ocr_line' id='line_1_25' title="bbox 1284 3018 3124 3083; baseline 0.004 -16"><span class='ocrx_word' id='word_1_195' title='bbox 1284 3018 1313 3067; x_wconf 80' lang='lat' dir='ltr'><strong>a</strong></span> <span class='ocrx_word' id='word_1_196' title='bbox 1345 3020 1461 3083; x_wconf 76' lang='lat' dir='ltr'><strong>neg.</strong></span> <span class='ocrx_word' id='word_1_197' title='bbox 1494 3018 1569 3067; x_wconf 87' lang='lat'><strong>111</strong></span> <span class='ocrx_word' id='word_1_198' title='bbox 1601 3020 1663 3068; x_wconf 86' lang='lat'><strong>20</strong></span> <span class='ocrx_word' id='word_1_199' title='bbox 1695 3020 1813 3080; x_wconf 83' lang='lat'><strong>(21),</strong></span> <span class='ocrx_word' id='word_1_200' title='bbox 1849 3021 1907 3069; x_wconf 85' lang='lat'><strong>13</strong></span> <span class='ocrx_word' id='word_1_201' title='bbox 2016 3021 2045 3069; x_wconf 85' lang='lat'><strong>3</strong></span> <span class='ocrx_word' id='word_1_202' title='bbox 2080 3020 2183 3071; x_wconf 68' lang='lat' dir='ltr'><strong>sua.</strong></span> <span class='ocrx_word' id='word_1_203' title='bbox 2219 3020 2360 3078; x_wconf 72' lang='lat' dir='ltr'><strong>(Dan.</strong></span> <span class='ocrx_word' id='word_1_204' title='bbox 2397 3020 2473 3082; x_wconf 81' lang='lat'><strong>13&gt;</strong></span> <span class='ocrx_word' id='word_1_205' title='bbox 2507 3022 2569 3070; x_wconf 78' lang='lat'><strong>34</strong></span> <span class='ocrx_word' id='word_1_206' title='bbox 2682 3022 2714 3070; x_wconf 81' lang='lat'>4</span> <span class='ocrx_word' id='word_1_207' title='bbox 2745 3021 2918 3070; x_wconf 69' lang='lat' dir='ltr'><strong>matth.</strong></span> <span class='ocrx_word' id='word_1_208' title='bbox 2953 3024 3031 3082; x_wconf 83' lang='lat'><strong>26,</strong></span> <span class='ocrx_word' id='word_1_209' title='bbox 3064 3022 3124 3073; x_wconf 81' lang='lat' dir='ltr'><strong>so</strong></span> 
     </span>
     <span class='ocr_line' id='line_1_26' title="bbox 1129 3098 3122 3163; baseline 0.002 -16"><span class='ocrx_word' id='word_1_210' title='bbox 1129 3101 1158 3147; x_wconf 88' lang='lat'>5</span> <span class='ocrx_word' id='word_1_211' title='bbox 1190 3098 1307 3161; x_wconf 75' lang='lat' dir='ltr'><strong>neg.</strong></span> <span class='ocrx_word' id='word_1_212' title='bbox 1340 3098 1415 3147; x_wconf 90' lang='lat'><strong>111</strong></span> <span class='ocrx_word' id='word_1_213' title='bbox 1446 3098 1507 3147; x_wconf 87' lang='lat'><strong>20</strong></span> <span class='ocrx_word' id='word_1_214' title='bbox 1542 3098 1659 3160; x_wconf 85' lang='lat'><strong>(21),</strong></span> <span class='ocrx_word' id='word_1_215' title='bbox 1695 3099 1753 3148; x_wconf 80' lang='lat'><strong>13</strong></span> <span class='ocrx_word' id='word_1_216' title='bbox 1831 3099 1862 3148; x_wconf 88' lang='lat' dir='ltr'><strong>s</strong></span> <span class='ocrx_word' id='word_1_217' title='bbox 1893 3099 2011 3162; x_wconf 74' lang='lat' dir='ltr'><strong>neg.</strong></span> <span class='ocrx_word' id='word_1_218' title='bbox 2037 3098 2111 3147; x_wconf 92' lang='lat'><strong>111</strong></span> <span class='ocrx_word' id='word_1_219' title='bbox 2135 3099 2332 3162; x_wconf 76' lang='lat'><strong>20(21),</strong></span> <span class='ocrx_word' id='word_1_220' title='bbox 2360 3101 2417 3149; x_wconf 85' lang='lat'><strong>16</strong></span> <span class='ocrx_word' id='word_1_221' title='bbox 2500 3102 2558 3148; x_wconf 84' lang='lat'><strong>19</strong></span> <span class='ocrx_word' id='word_1_222' title='bbox 2590 3099 2706 3163; x_wconf 74' lang='lat' dir='ltr'><strong>neg.</strong></span> <span class='ocrx_word' id='word_1_223' title='bbox 2733 3099 2807 3148; x_wconf 92' lang='lat'><strong>111</strong></span> <span class='ocrx_word' id='word_1_224' title='bbox 2830 3100 3122 3163; x_wconf 77' lang='lat'><strong>20(21),19</strong></span> 
     </span>
    </p>
   </div>
   <div class='ocr_carea' id='block_1_4' title="bbox 1129 3275 3127 4047">
    <p class='ocr_par' dir='ltr' id='par_1_6' title="bbox 1129 3275 3127 3498">
     <span class='ocr_line' id='line_1_27' title="bbox 1193 3275 3127 3343; baseline 0.003 -19"><span class='ocrx_word' id='word_1_225' title='bbox 1193 3275 1222 3324; x_wconf 88' lang='lat'>2</span> <span class='ocrx_word' id='word_1_226' title='bbox 1267 3275 1484 3324; x_wconf 82' lang='lat' dir='ltr'><strong>laedatur</strong></span> <span class='ocrx_word' id='word_1_227' title='bbox 1516 3280 1592 3335; x_wconf 87' lang='lat' dir='ltr'><strong>(ae</strong></span> <span class='ocrx_word' id='word_1_228' title='bbox 1624 3290 1683 3325; x_wconf 73' lang='lat' dir='ltr'><strong>ex</strong></span> <span class='ocrx_word' id='word_1_229' title='bbox 1712 3281 1763 3336; x_wconf 95' lang='lat' dir='ltr'><strong>u)</strong></span> <span class='ocrx_word' id='word_1_230' title='bbox 1797 3276 1847 3324; x_wconf 88' lang='lat' dir='ltr'><strong><em>P</em></strong></span> <span class='ocrx_word' id='word_1_231' title='bbox 1871 3276 2079 3326; x_wconf 86' lang='lat' dir='ltr'><strong>laetatur</strong></span> <span class='ocrx_word' id='word_1_232' title='bbox 2107 3277 2222 3326; x_wconf 76' lang='grc' dir='ltr'><strong>ΡΤ</strong></span> <span class='ocrx_word' id='word_1_233' title='bbox 2402 3278 2672 3328; x_wconf 88' lang='lat' dir='ltr'><strong>maledictio</strong></span> <span class='ocrx_word' id='word_1_234' title='bbox 2715 3279 2752 3338; x_wconf 89' lang='lat' dir='ltr'><strong>(i</strong></span> <span class='ocrx_word' id='word_1_235' title='bbox 2784 3281 2870 3330; x_wconf 74' lang='lat' dir='ltr'><strong>alt.</strong></span> <span class='ocrx_word' id='word_1_236' title='bbox 2903 3281 3050 3343; x_wconf 78' lang='lat' dir='ltr'><strong>eras.)</strong></span> <span class='ocrx_word' id='word_1_237' title='bbox 3080 3280 3127 3329; x_wconf 87' lang='lat' dir='ltr'><strong><em>P</em></strong></span> 
     </span>
     <span class='ocr_line' id='line_1_28' title="bbox 1129 3353 3122 3421; baseline 0.002 -19"><span class='ocrx_word' id='word_1_238' title='bbox 1129 3353 1461 3403; x_wconf 82' lang='lat' dir='ltr'><strong>maledictione</strong></span> <span class='ocrx_word' id='word_1_239' title='bbox 1500 3354 1579 3418; x_wconf 89' lang='lat' dir='ltr'><strong>(ne</strong></span> <span class='ocrx_word' id='word_1_240' title='bbox 1617 3369 1655 3403; x_wconf 75' lang='lat' dir='ltr'><strong>e.</strong></span> <span class='ocrx_word' id='word_1_241' title='bbox 1688 3369 1737 3402; x_wconf 75' lang='lat' dir='ltr'><strong>u.</strong></span> <span class='ocrx_word' id='word_1_242' title='bbox 1777 3358 1880 3415; x_wconf 77' lang='lat' dir='ltr'><strong>m2)</strong></span> <span class='ocrx_word' id='word_1_243' title='bbox 1921 3355 1964 3406; x_wconf 69' lang='lat' dir='ltr'><strong>a</strong></span> <span class='ocrx_word' id='word_1_244' title='bbox 2001 3355 2255 3405; x_wconf 82' lang='lat' dir='ltr'><strong>maledicto</strong></span> <span class='ocrx_word' id='word_1_245' title='bbox 2296 3357 2345 3417; x_wconf 93' lang='lat' dir='ltr'><strong>(o</strong></span> <span class='ocrx_word' id='word_1_246' title='bbox 2386 3365 2445 3405; x_wconf 67' lang='grc' dir='ltr'><strong>ιω</strong></span> <span class='ocrx_word' id='word_1_247' title='bbox 2482 3357 2549 3417; x_wconf 92' lang='lat' dir='ltr'><strong>io)</strong></span> <span class='ocrx_word' id='word_1_248' title='bbox 2581 3358 2636 3406; x_wconf 82' lang='grc' dir='ltr'><em>Ε</em></span> <span class='ocrx_word' id='word_1_249' title='bbox 2787 3358 2815 3407; x_wconf 85' lang='grc'><strong>3</strong></span> <span class='ocrx_word' id='word_1_250' title='bbox 2862 3361 3014 3407; x_wconf 80' lang='lat' dir='ltr'><strong>testes</strong></span> <span class='ocrx_word' id='word_1_251' title='bbox 3053 3358 3122 3421; x_wconf 80' lang='lat' dir='ltr'><strong>(es</strong></span> 
     </span>
     <span class='ocr_line' id='line_1_29' title="bbox 1132 3433 3127 3498; baseline 0.001 -17"><span class='ocrx_word' id='word_1_252' title='bbox 1132 3447 1189 3481; x_wconf 79' lang='lat' dir='ltr'><strong>ex</strong></span> <span class='ocrx_word' id='word_1_253' title='bbox 1220 3433 1276 3489; x_wconf 87' lang='lat' dir='ltr'><strong>is,</strong></span> <span class='ocrx_word' id='word_1_254' title='bbox 1306 3433 1394 3482; x_wconf 74' lang='lat' dir='ltr'><strong>sed</strong></span> <span class='ocrx_word' id='word_1_255' title='bbox 1424 3447 1473 3482; x_wconf 81' lang='lat' dir='ltr'><strong>es</strong></span> <span class='ocrx_word' id='word_1_256' title='bbox 1506 3437 1647 3491; x_wconf 75' lang='lat' dir='ltr'><strong>eras.)</strong></span> <span class='ocrx_word' id='word_1_257' title='bbox 1680 3433 1729 3482; x_wconf 89' lang='lat' dir='ltr'><strong><em>P</em></strong></span> <span class='ocrx_word' id='word_1_258' title='bbox 1914 3433 2100 3482; x_wconf 86' lang='lat' dir='ltr'><strong>duobus</strong></span> <span class='ocrx_word' id='word_1_259' title='bbox 2133 3435 2257 3482; x_wconf 87' lang='lat' dir='ltr'><strong>enim</strong></span> <span class='ocrx_word' id='word_1_260' title='bbox 2293 3433 2462 3482; x_wconf 84' lang='lat' dir='ltr'><strong>CB‘N&#39;</strong></span> <span class='ocrx_word' id='word_1_261' title='bbox 2615 3433 2660 3483; x_wconf 84' lang='lat'><strong>4·</strong></span> <span class='ocrx_word' id='word_1_262' title='bbox 2679 3435 2909 3498; x_wconf 45' lang='lat' dir='ltr'><strong>sinagoga</strong></span> <span class='ocrx_word' id='word_1_263' title='bbox 2939 3434 3127 3483; x_wconf 83' lang='lat' dir='ltr'><strong><em>PBGT</em></strong></span> 
     </span>
    </p>

    <p class='ocr_par' dir='ltr' id='par_1_7' title="bbox 1132 3511 3126 4047">
     <span class='ocr_line' id='line_1_30' title="bbox 1194 3511 3124 3577; baseline 0.003 -17"><span class='ocrx_word' id='word_1_264' title='bbox 1194 3511 1444 3560; x_wconf 80' lang='lat' dir='ltr'><strong>aduersum</strong></span> <span class='ocrx_word' id='word_1_265' title='bbox 1490 3511 1655 3561; x_wconf 86' lang='lat' dir='ltr'><strong>BN‘L</strong></span> <span class='ocrx_word' id='word_1_266' title='bbox 1832 3513 1862 3562; x_wconf 88' lang='grc'><strong>5</strong></span> <span class='ocrx_word' id='word_1_267' title='bbox 1910 3513 2286 3576; x_wconf 87' lang='lat' dir='ltr'><strong>produxerunt..</strong></span> <span class='ocrx_word' id='word_1_268' title='bbox 2308 3513 2670 3577; x_wconf 79' lang='lat' dir='ltr'><strong>,lapidauerunt</strong></span> <span class='ocrx_word' id='word_1_269' title='bbox 2716 3514 2933 3562; x_wconf 73' lang='lat' dir='ltr'><strong>euanida</strong></span> <span class='ocrx_word' id='word_1_270' title='bbox 2979 3515 3037 3562; x_wconf 73' lang='lat' dir='ltr'><strong>in</strong></span> <span class='ocrx_word' id='word_1_271' title='bbox 3061 3514 3124 3567; x_wconf 73' lang='lat' dir='ltr'><strong>..A</strong></span> 
     </span>
     <span class='ocr_line' id='line_1_31' title="bbox 1133 3589 3123 3656; baseline 0 -17"><span class='ocrx_word' id='word_1_272' title='bbox 1133 3592 1161 3639; x_wconf 88' lang='grc'>6</span> <span class='ocrx_word' id='word_1_273' title='bbox 1195 3604 1307 3652; x_wconf 82' lang='lat' dir='ltr'><strong>ergo</strong></span> <span class='ocrx_word' id='word_1_274' title='bbox 1328 3589 1427 3640; x_wconf 78' lang='lat' dir='ltr'><strong>RB</strong></span> <span class='ocrx_word' id='word_1_275' title='bbox 1491 3592 1518 3639; x_wconf 84' lang='lat'><strong>7</strong></span> <span class='ocrx_word' id='word_1_276' title='bbox 1553 3591 1597 3638; x_wconf 88' lang='lat' dir='ltr'><strong>ei</strong></span> <span class='ocrx_word' id='word_1_277' title='bbox 1619 3605 1709 3640; x_wconf 82' lang='lat' dir='ltr'><strong>om.</strong></span> <span class='ocrx_word' id='word_1_278' title='bbox 1727 3590 1781 3645; x_wconf 69' lang='lat' dir='ltr'><strong>‚L</strong></span> <span class='ocrx_word' id='word_1_279' title='bbox 1872 3592 2031 3640; x_wconf 83' lang='lat' dir='ltr'><strong>licerit</strong></span> <span class='ocrx_word' id='word_1_280' title='bbox 2051 3592 2101 3640; x_wconf 88' lang='lat' dir='ltr'><em>P</em></span> <span class='ocrx_word' id='word_1_281' title='bbox 2191 3594 2388 3655; x_wconf 89' lang='lat' dir='ltr'><strong>pauperi</strong></span> <span class='ocrx_word' id='word_1_282' title='bbox 2418 3608 2522 3654; x_wconf 62' lang='lat' dir='ltr'><strong>ap.</strong></span> <span class='ocrx_word' id='word_1_283' title='bbox 2547 3594 2588 3643; x_wconf 69' lang='lat'><strong>81</strong></span> <span class='ocrx_word' id='word_1_284' title='bbox 2655 3593 2713 3641; x_wconf 87' lang='lat'><strong>12</strong></span> <span class='ocrx_word' id='word_1_285' title='bbox 2743 3593 2956 3656; x_wconf 72' lang='lat' dir='ltr'><strong>israelite</strong></span> <span class='ocrx_word' id='word_1_286' title='bbox 2979 3593 3029 3641; x_wconf 90' lang='lat' dir='ltr'><em>P</em></span> <span class='ocrx_word' id='word_1_287' title='bbox 3056 3593 3123 3639; x_wconf 86' lang='lat' dir='ltr'><strong>ie-</strong></span> 
     </span>
     <span class='ocr_line' id='line_1_32' title="bbox 1133 3668 3123 3734; baseline 0.001 -18"><span class='ocrx_word' id='word_1_288' title='bbox 1133 3668 1389 3717; x_wconf 74' lang='lat' dir='ltr'><strong>trahelitae</strong></span> <span class='ocrx_word' id='word_1_289' title='bbox 1411 3669 1463 3718; x_wconf 83' lang='grc' dir='ltr'><strong><em>Ε</em></strong></span> <span class='ocrx_word' id='word_1_290' title='bbox 1589 3670 1647 3718; x_wconf 89' lang='grc'>13</span> <span class='ocrx_word' id='word_1_291' title='bbox 1671 3669 2017 3719; x_wconf 76' lang='lat' dir='ltr'><strong>calumniantur</strong></span> <span class='ocrx_word' id='word_1_292' title='bbox 2042 3681 2090 3730; x_wconf 84' lang='lat' dir='ltr'><strong>(v</strong></span> <span class='ocrx_word' id='word_1_293' title='bbox 2112 3686 2150 3720; x_wconf 75' lang='grc' dir='ltr'><strong>ε.</strong></span> <span class='ocrx_word' id='word_1_294' title='bbox 2177 3687 2204 3719; x_wconf 94' lang='grc' dir='ltr'><strong>ο</strong></span> <span class='ocrx_word' id='word_1_295' title='bbox 2229 3672 2329 3734; x_wconf 74' lang='grc'>1113)</span> <span class='ocrx_word' id='word_1_296' title='bbox 2350 3672 2400 3720; x_wconf 88' lang='grc' dir='ltr'><strong><em>Ρ</em></strong></span> <span class='ocrx_word' id='word_1_297' title='bbox 2525 3672 2583 3720; x_wconf 83' lang='grc'><strong>14</strong></span> <span class='ocrx_word' id='word_1_298' title='bbox 2608 3672 2882 3720; x_wconf 85' lang='lat' dir='ltr'><strong>calomniati</strong></span> <span class='ocrx_word' id='word_1_299' title='bbox 2902 3672 2952 3720; x_wconf 90' lang='lat' dir='ltr'><strong><em>P</em></strong></span> <span class='ocrx_word' id='word_1_300' title='bbox 3073 3684 3123 3718; x_wconf 82' lang='lat' dir='ltr'><strong>se</strong></span> 
     </span>
     <span class='ocr_line' id='line_1_33' title="bbox 1132 3737 3126 3814; baseline 0.001 -20"><span class='ocrx_word' id='word_1_301' title='bbox 1132 3761 1170 3794; x_wconf 81' lang='grc' dir='ltr'><strong>ε.</strong></span> <span class='ocrx_word' id='word_1_302' title='bbox 1202 3761 1250 3794; x_wconf 79' lang='lat' dir='ltr'><strong>u.</strong></span> <span class='ocrx_word' id='word_1_303' title='bbox 1282 3747 1332 3795; x_wconf 93' lang='lat' dir='ltr'><strong><em>P</em></strong></span> <span class='ocrx_word' id='word_1_304' title='bbox 1426 3749 1483 3796; x_wconf 87' lang='grc'>15</span> <span class='ocrx_word' id='word_1_305' title='bbox 1513 3747 1668 3796; x_wconf 80' lang='lat' dir='ltr'><strong>tristis</strong></span> <span class='ocrx_word' id='word_1_306' title='bbox 1698 3747 1748 3795; x_wconf 92' lang='lat' dir='ltr'><strong><em>P</em></strong></span> <span class='ocrx_word' id='word_1_307' title='bbox 1841 3747 1899 3796; x_wconf 90' lang='lat'><strong>18</strong></span> <span class='ocrx_word' id='word_1_308' title='bbox 1931 3737 2095 3810; x_wconf 82' lang='lat' dir='ltr'><strong>digna]</strong></span> <span class='ocrx_word' id='word_1_309' title='bbox 2128 3750 2338 3810; x_wconf 82' lang='lat' dir='ltr'><strong>maligna</strong></span> <span class='ocrx_word' id='word_1_310' title='bbox 2366 3750 2417 3799; x_wconf 78' lang='grc' dir='ltr'><strong><em>Β</em></strong></span> <span class='ocrx_word' id='word_1_311' title='bbox 2452 3754 2533 3808; x_wconf 85' lang='lat' dir='ltr'><strong>(na</strong></span> <span class='ocrx_word' id='word_1_312' title='bbox 2563 3764 2621 3798; x_wconf 61' lang='lat' dir='ltr'><strong><em>a</em></strong></span> <span class='ocrx_word' id='word_1_313' title='bbox 2650 3755 2779 3807; x_wconf 84' lang='lat' dir='ltr'><strong>nam)</strong></span> <span class='ocrx_word' id='word_1_314' title='bbox 2808 3751 2856 3797; x_wconf 76' lang='lat' dir='ltr'><strong><em>A</em></strong></span> <span class='ocrx_word' id='word_1_315' title='bbox 2888 3754 2934 3798; x_wconf 76' lang='lat' dir='ltr'><strong>et</strong></span> <span class='ocrx_word' id='word_1_316' title='bbox 2964 3749 3126 3814; x_wconf 79' lang='lat' dir='ltr'><strong>(digna</strong></span> 
     </span>
     <span class='ocr_line' id='line_1_34' title="bbox 1133 3820 3126 3889; baseline 0.001 -16"><span class='ocrx_word' id='word_1_317' title='bbox 1133 3840 1170 3873; x_wconf 75' lang='lat' dir='ltr'><strong>a.</strong></span> <span class='ocrx_word' id='word_1_318' title='bbox 1203 3840 1252 3873; x_wconf 76' lang='lat' dir='ltr'><strong>u.</strong></span> <span class='ocrx_word' id='word_1_319' title='bbox 1285 3820 1385 3884; x_wconf 65' lang='lat' dir='ltr'><strong>ma)</strong></span> <span class='ocrx_word' id='word_1_320' title='bbox 1420 3824 1467 3873; x_wconf 86' lang='grc' dir='ltr'><strong><em>Β</em></strong></span> <span class='ocrx_word' id='word_1_321' title='bbox 1580 3825 1637 3873; x_wconf 85' lang='grc'><strong>19</strong></span> <span class='ocrx_word' id='word_1_322' title='bbox 1670 3825 1990 3888; x_wconf 85' lang='lat' dir='ltr'><strong>condempnat</strong></span> <span class='ocrx_word' id='word_1_323' title='bbox 2021 3827 2274 3878; x_wconf 68' lang='grc' dir='ltr'><strong><em>ΡΑΒἬΕ</em></strong></span> <span class='ocrx_word' id='word_1_324' title='bbox 2377 3829 2439 3876; x_wconf 83' lang='grc'><strong>20</strong></span> <span class='ocrx_word' id='word_1_325' title='bbox 2471 3828 2579 3889; x_wconf 90' lang='lat' dir='ltr'><strong>hoc]</strong></span> <span class='ocrx_word' id='word_1_326' title='bbox 2613 3842 2669 3877; x_wconf 89' lang='lat' dir='ltr'><strong>ea</strong></span> <span class='ocrx_word' id='word_1_327' title='bbox 2698 3828 2796 3877; x_wconf 72' lang='grc' dir='ltr'><strong>ΒΑ</strong></span> <span class='ocrx_word' id='word_1_328' title='bbox 2828 3833 2873 3875; x_wconf 78' lang='lat' dir='ltr'><strong>et</strong></span> <span class='ocrx_word' id='word_1_329' title='bbox 2905 3827 3014 3886; x_wconf 86' lang='lat' dir='ltr'><strong>(hoc</strong></span> <span class='ocrx_word' id='word_1_330' title='bbox 3044 3830 3126 3875; x_wconf 82' lang='lat' dir='ltr'><strong>m2</strong></span> 
     </span>
     <span class='ocr_line' id='line_1_35' title="bbox 1133 3903 3126 3969; baseline 0 -17"><span class='ocrx_word' id='word_1_331' title='bbox 1133 3918 1170 3953; x_wconf 76' lang='lat' dir='ltr'><strong>s.</strong></span> <span class='ocrx_word' id='word_1_332' title='bbox 1205 3904 1281 3965; x_wconf 84' lang='lat' dir='ltr'><strong>ea)</strong></span> <span class='ocrx_word' id='word_1_333' title='bbox 1312 3903 1360 3951; x_wconf 88' lang='grc' dir='ltr'><strong><em>Β</em></strong></span> <span class='ocrx_word' id='word_1_334' title='bbox 1503 3904 1593 3952; x_wconf 87' lang='lat' dir='ltr'><strong>hoc</strong></span> <span class='ocrx_word' id='word_1_335' title='bbox 1623 3904 1673 3952; x_wconf 88' lang='lat' dir='ltr'><strong>in</strong></span> <span class='ocrx_word' id='word_1_336' title='bbox 1706 3919 1800 3966; x_wconf 87' lang='lat' dir='ltr'><strong>quo</strong></span> <span class='ocrx_word' id='word_1_337' title='bbox 1831 3904 1936 3953; x_wconf 88' lang='lat' dir='ltr'><strong>loco</strong></span> <span class='ocrx_word' id='word_1_338' title='bbox 1968 3904 2036 3953; x_wconf 83' lang='lat' dir='ltr'><strong>N¹</strong></span> <span class='ocrx_word' id='word_1_339' title='bbox 2158 3905 2421 3954; x_wconf 80' lang='lat' dir='ltr'><strong>lincxerunt</strong></span> <span class='ocrx_word' id='word_1_340' title='bbox 2450 3907 2500 3955; x_wconf 80' lang='lat' dir='ltr'><strong><em>R</em></strong></span> <span class='ocrx_word' id='word_1_341' title='bbox 2531 3907 2578 3969; x_wconf 88' lang='lat' dir='ltr'><strong>(c</strong></span> <span class='ocrx_word' id='word_1_342' title='bbox 2609 3912 2750 3966; x_wconf 74' lang='lat' dir='ltr'><strong>eras.)</strong></span> <span class='ocrx_word' id='word_1_343' title='bbox 2784 3906 2880 3956; x_wconf 87' lang='lat' dir='ltr'><strong>BC</strong></span> <span class='ocrx_word' id='word_1_344' title='bbox 2905 3907 3126 3954; x_wconf 66' lang='lat' dir='ltr'><strong>lin-m..</strong></span> 
     </span>
     <span class='ocr_line' id='line_1_36' title="bbox 1135 3982 2763 4047; baseline 0.002 -18"><span class='ocrx_word' id='word_1_345' title='bbox 1135 3987 1271 4045; x_wconf 81' lang='lat' dir='ltr'><strong>(gent</strong></span> <span class='ocrx_word' id='word_1_346' title='bbox 1300 3995 1338 4031; x_wconf 70' lang='lat' dir='ltr'><strong>a.</strong></span> <span class='ocrx_word' id='word_1_347' title='bbox 1371 3996 1470 4032; x_wconf 78' lang='lat' dir='ltr'><strong>ras.</strong></span> <span class='ocrx_word' id='word_1_348' title='bbox 1504 3985 1603 4039; x_wconf 68' lang='lat' dir='ltr'><strong>m21</strong></span> <span class='ocrx_word' id='word_1_349' title='bbox 1636 3984 1684 4029; x_wconf 80' lang='grc' dir='ltr'><strong><em>Α</em></strong></span> <span class='ocrx_word' id='word_1_350' title='bbox 1778 3984 1835 4031; x_wconf 87' lang='grc'><strong>21</strong></span> <span class='ocrx_word' id='word_1_351' title='bbox 1870 3982 2216 4032; x_wconf 85' lang='lat' dir='ltr'><strong>Nabuthae...</strong></span> <span class='ocrx_word' id='word_1_352' title='bbox 2236 3985 2512 4047; x_wconf 80' lang='lat' dir='ltr'><strong>sanguinem</strong></span> <span class='ocrx_word' id='word_1_353' title='bbox 2545 4000 2634 4034; x_wconf 87' lang='lat' dir='ltr'><strong>om.</strong></span> <span class='ocrx_word' id='word_1_354' title='bbox 2667 3985 2763 4033; x_wconf 77' lang='lat' dir='ltr'><strong>Ac</strong></span> 
     </span>
    </p>
   </div>
  </div>
 </body>
</html>
