4242 4694
1291 545 1365 594 De
1389 545 1625 609 interpell.
1641 545 1729 594 Iob
1754 550 1805 594 ct
1818 545 1977 594 Dauid
1992 546 2092 595 Im
2109 547 2193 610 (11)
2215 549 2259 606 7,
2278 548 2336 597 27
2373 548 2415 608 (1
2431 550 2522 601 647
2541 549 2735 598 lix—648
2755 548 2829 608 C).
2924 553 3037 610 287

1048 717 1323 790 spexerint
1371 728 1778 791 quam-(quam)
1814 718 1976 793 longe
2023 719 2192 793 positi
2240 721 2614 778 reuertuntur.
2655 720 3210 794 unusquisqu0648A

1049 811 1245 869 ductor
1284 812 1417 869 haec
1460 813 1619 888 signa
1659 813 1952 871 constituit
1982 816 2040 871 et
2071 814 2349 888 sequenda
2388 814 2728 888 praescribit.
2773 815 2870 872 sed
2910 820 3042 872 sunt

1048 906 1214 963 etiam
1256 907 1362 963 alia
1404 907 1579 980 signa,
1623 925 1761 980 quae
1803 907 1983 965 uictor
2022 908 2201 965 hostis
2240 908 2456 979 inponit
2496 911 2552 965 et
2589 912 2873 982 tamquam
2917 925 3039 984 cap-

1044 1000 1180 1057 tiuis
1238 1000 1583 1059 obseruanda
1641 1001 1901 1069 decernit,
1960 1002 2058 1059 sed
2109 1002 2204 1074 qui
2251 1001 2431 1060 fidelis
2480 1006 2568 1060 cst
2615 1002 2778 1061 miles
2819 1004 3039 1079 propria

890 1093 960 1150 27
987 1111 1011 1145 ⁵
1047 1095 1206 1168 signa
1246 1095 1515 1168 sequitur,
1560 1112 1664 1154 non
1708 1096 1998 1171 cognoscit
2036 1096 2231 1155 aliena,
2313 1112 2454 1169 quae
2502 1097 2616 1154 sint
2661 1097 2841 1155 aliena
2880 1098 3041 1173 signa

1044 1190 1309 1247 intentius
1375 1192 1432 1247 et
1494 1190 1779 1264 inpensius
1846 1190 2272 1248 consideremus.
2336 1189 2558 1264 signum
2623 1207 2787 1248 suum
2851 1192 3042 1265 posuit

1046 1283 1303 1341 Christus
1328 1284 1384 1341 in
1408 1284 1685 1342 frontibus
1719 1284 2094 1359 singulorum3
2126 1284 2206 1343 ibi
2240 1301 2460 1358 quoque
2485 1284 2845 1343 antichristus
2878 1285 3037 1360 signa

1043 1394 1147 1433 sua
1185 1378 1356 1450 ponit,
1391 1383 1456 1436 ut
1494 1379 1744 1453 proprios
1775 1382 2154 1454 recognoscat.
2196 1378 2293 1437 sed
2325 1378 2421 1453 qui
2451 1378 2507 1435 in
2541 1378 2763 1436 occulto
2794 1378 3034 1437 Iudaeus
3081 1385 3121 1433 B

1044 1474 1146 1540 est,
1181 1472 1263 1529 illi
1307 1490 1473 1530 uerus
1511 1473 1793 1531 confessor
1833 1472 1993 1531 dicit:
2036 1476 2403 1545 posuerunt
2443 1472 2634 1546 signa
2672 1488 2792 1530 sua
2831 1473 3036 1549 signa,

966 1582 1011 1616 ιο
1044 1569 1108 1623 et
1162 1582 1285 1623 non
1343 1567 1645 1641 cognoui.
1701 1571 2012 1642 posuerunt
2066 1566 2318 1624 diabolus
2376 1568 2434 1623 et
2472 1566 2715 1624 ministri
2755 1566 2896 1637 eius,
2939 1568 3037 1625 sed

1043 1678 1146 1735 ego
1188 1660 1400 1718 nesciui
1440 1661 1557 1729 illa,
1591 1662 1723 1735 quia
1761 1678 1869 1719 non
1911 1661 2166 1719 consensi
2206 1661 2419 1719 artibus
2460 1661 2600 1731 eius,
2634 1677 2741 1719 non
2774 1660 3039 1735 adquieui

1041 1756 1161 1812 eius
1215 1755 1482 1830 imperiis.
1534 1756 1725 1830 posuit
1763 1757 2026 1830 Assyrius
2074 1755 2586 1813 Nabuchodonosor
2637 1755 2798 1830 signa
2847 1757 3037 1829 pueris

1039 1850 1418 1908 Hebraeorum
1460 1853 1518 1907 et
1553 1850 1801 1908 mutauit
1837 1850 1951 1907 illis
1983 1850 2208 1908 nomina
2238 1853 2297 1907 et
2325 1849 2622 1924 praecepit,
2654 1855 2719 1906 ut
2750 1848 3039 1907 adorarent

1039 1942 1338 2017 imaginem
1389 1943 1512 2000 eius
1561 1946 1618 2000 et
1663 1943 1983 2002 recederent
2030 1943 2099 2001 ab
2147 1943 2513 2001 sollemnibus
2553 1949 2775 2017 patrum
2807 1960 3035 2001 suorum

965 2054 1009 2086 1⁵
1040 2038 1292 2109 ritusque
1328 2037 1631 2095 Ohaldaeos
1671 2037 1991 2110 posthabita
2031 2037 2119 2095 dei
2158 2037 2284 2111 lege
2326 2041 2700 2110 sequerentur.
2744 2037 3040 2095 constituit

1041 2131 1147 2187 hoc
1193 2148 1304 2201 rex,
1347 2131 1443 2188 sed
1494 2132 1695 2189 statuit
1733 2132 1930 2189 Daniel
1976 2133 2032 2189 in
2083 2132 2245 2190 corde
2294 2148 2414 2200 suo,
2457 2134 2523 2188 ut
2568 2132 2773 2205 regalis
2813 2148 3035 2189 mensae
3083 2138 3120 2186 C

1041 2226 1297 2299 contagia
1353 2226 1668 2284 declinaret.
1724 2228 1874 2284 recte
1925 2244 2055 2302 crgo
2097 2227 2147 2285 ei
2189 2228 2448 2285 conuenit
2488 2226 2668 2284 dicere
2709 2226 2839 2299 quia
2876 2226 3036 2300 signa

1038 2336 1145 2375 non
1196 2320 1462 2394 cognouit
1509 2320 1702 2378 aliena.
1746 2321 1963 2378 iussum
2005 2323 2124 2378 erat
2162 2323 2229 2378 ut
2265 2319 2508 2377 Hebraei
2547 2319 2703 2394 pueri
2747 2320 3036 2378 adorarent

1038 2412 1338 2486 imaginem
1371 2412 1544 2488 regis;
1576 2413 1980 2487 responderunt
2011 2414 2087 2471 ei:
2130 2431 2252 2471 non
2295 2413 2640 2471 adoramus
2682 2413 3030 2488 imaginem

956 2524 1004 2557 ιο
1037 2510 1232 2565 tuam.
1269 2511 1396 2580 apte
1431 2525 1561 2582 ergo
1596 2508 1734 2565 dixit
1766 2508 2148 2582 unusquisque
2181 2525 2398 2566 eorum:
2439 2512 2805 2582 posuerunt
2845 2508 3034 2582 signa

1037 2619 1163 2659 sua
1203 2603 1424 2677 signa,
1467 2605 1535 2660 et
1572 2619 1699 2660 non
1743 2603 2066 2676 cognoui‚
2107 2603 2165 2660 id
2198 2604 2423 2660 estnon
2458 2619 2582 2661 sum
2617 2604 2892 2676 expertus,
2925 2619 3030 2660 non

1036 2698 1150 2753 ullo
1209 2713 1481 2753 consensu
1538 2698 1739 2769 recepi,
1796 2714 1902 2755 non
1961 2697 2147 2770 aliqua
2194 2697 2462 2755 societate
2510 2696 2566 2754 in
2614 2713 2704 2754 me
2752 2696 3030 2755 transtuli.

1032 2793 1180 2847 unde
1231 2794 1288 2846 et
1326 2789 1392 2846 de
1434 2789 1523 2846 dei
1562 2790 1676 2847 filio
1718 2791 1960 2864 legimus
2002 2789 2133 2862 quia
2170 2792 2462 2864 peccatum
2502 2807 2606 2847 non
2652 2789 2934 2864 cognouit.
2979 2794 3036 2846 et

1033 2885 1165 2940 alibi
1224 2883 1427 2940 habes:
1487 2883 1813 2955 quoniam
1873 2884 1991 2956 qui
2049 2883 2376 2941 custodit
2429 2883 2836 2941 mandatum
2901 2900 3030 2940 non
3079 2893 3124 2940 D

1188 3092 1217 3138 6
1250 3092 1395 3152 Apoc.
1432 3090 1476 3139 7.
1509 3090 1561 3145 3;
1599 3090 1641 3145 9,
1673 3090 1704 3138 4
1815 3090 1875 3138 13
1907 3090 2030 3138 Dan.
2068 3091 2108 3146 1,
2142 3091 2172 3138 6
2205 3105 2273 3152 sq.
2390 3090 2446 3138 19
2480 3090 2602 3139 Dan.
2637 3090 2680 3147 3,
2722 3090 2776 3138 18
2888 3090 2948 3139 23
2981 3089 3030 3138 11

1034 3168 1138 3217 Cor.
1173 3170 1215 3225 5,
1249 3170 1305 3216 21
1410 3170 1472 3217 24
1505 3167 1628 3216 Eccl.
1663 3168 1707 3225 8,
1740 3170 1768 3217 5

1100 3297 1119 3341 l
1173 3309 1454 3355 quamquam
1495 3293 1669 3354 scripsi
1708 3293 1968 3355 quamlibet
2007 3294 2055 3341 Β
2096 3307 2238 3355 quam
2278 3297 2360 3341 cet.
2551 3292 2694 3354 longe
2728 3292 2776 3340 P
2805 3297 2856 3350 (n
2886 3307 2925 3341 s.
2957 3299 3026 3352 u.)

1095 3374 1240 3434 positi
1273 3372 1470 3435 fuerunt
1493 3373 1545 3420 D
1639 3373 1668 3420 2
1701 3371 1865 3431 doctor
1888 3373 1941 3420 D
1966 3377 2015 3428 (u
2037 3386 2076 3421 s.
2103 3376 2150 3431 o)
2247 3371 2276 3420 3
2308 3371 2358 3418 in
2384 3371 2589 3434 captiuis
2612 3370 2724 3429 DP}
2819 3372 2850 3418 5
2882 3386 3027 3434 agno·

1031 3454 1122 3499 scit
1153 3451 1248 3499 BC
1368 3454 1396 3500 6
1446 3452 1584 3513 signa
1615 3466 1704 3499 sua
1733 3451 1846 3499 DP‘
1973 3453 1999 3499 7
2047 3450 2281 3512 Christus]
2318 3449 2433 3498 deus
2467 3450 2515 3497 Β
2672 3450 2953 3499 antecristus
2987 3451 3035 3498 P

1094 3545 1179 3578 sua
1210 3531 1349 3592 signa
1380 3531 1428 3578 Β
1538 3532 1568 3578 8
1601 3534 1749 3593 ponet
1777 3531 1825 3578 Β
1855 3530 2017 3593 posuit
2046 3529 2160 3578 DP‘
2257 3530 2285 3577 9
2317 3529 2390 3577 illi
2420 3529 2533 3577 DP‘
2564 3529 2648 3577 ille
2681 3534 2764 3578 cet.
2891 3529 3029 3590 signa

1030 3610 1115 3657 alt.
1153 3609 1200 3656 P
1229 3612 1281 3669 (g
1312 3624 1369 3657 ex
1401 3610 1437 3668 i)
1540 3610 1597 3657 10
1630 3610 1728 3657 eius
1762 3609 1902 3672 signa
1932 3609 2016 3657 sed
2048 3608 2161 3657 DP‘
2258 3607 2314 3656 11
2349 3623 2443 3655 non
2478 3609 2565 3656 alt.
2598 3607 2744 3656 PDC'
2772 3609 2823 3656 et
2852 3622 2948 3656 non
2980 3608 3028 3653 B

1028 3704 1115 3735 nec
1143 3688 1201 3734 P‘
1302 3688 1360 3735 12
1385 3688 1594 3749 imperiis
1621 3689 1722 3736 eius
1748 3689 1791 3735 B
1919 3688 2128 3750 adsyrius
2154 3687 2202 3735 P
2324 3686 2748 3734 nabuchodonosor
2765 3689 2814 3746 (u
2838 3700 2897 3734 ex
2920 3686 3030 3748 o)P

1032 3768 1089 3816 13
1124 3767 1329 3813 mutabit
1365 3772 1412 3813 (u
1445 3781 1481 3816 s.
1516 3767 1565 3824 b)
1600 3767 1648 3815 P
1743 3768 1801 3815 14
1834 3767 1892 3815 ab
1924 3768 2098 3827 scripsi
2128 3766 2189 3814 ad
2219 3765 2268 3813 P
2298 3781 2326 3813 a
2358 3770 2438 3814 cet.
2541 3766 2598 3813 15
2631 3764 2853 3812 chaldeos
2886 3764 2934 3812 P
2955 3769 3027 3812 ml

1029 3844 1330 3892 chaldeorum
1357 3845 1500 3893 Pm2
1526 3845 1792 3893 caldeorum
1818 3845 1860 3892 G
1964 3846 2072 3906 lege
2088 3845 2136 3892 P
2247 3845 2356 3905 lege
2381 3843 2458 3892 dei
2473 3843 2585 3892 DP'
2686 3844 2743 3892 16
2768 3843 3027 3891 danihelD

1033 3924 1088 3971 18
1123 3925 1350 3985 cognouit
1381 3924 1428 3969 Β
1464 3925 1533 3981 (in
1565 3937 1651 3985 my.
1686 3927 1769 3970 m2
1800 3925 2023 3985 cognoui)
2153 3924 2210 3970 19
2244 3922 2544 3970 adorabimus
2574 3922 2636 3970 P‘
2763 3922 2824 3970 20
2863 3926 3025 3984 aperte

1029 4006 1138 4061 (om.
1174 4005 1304 4064 ergo)
1339 4003 1386 4049 Β
1512 4002 1568 4049 21
1604 4003 1741 4063 signa
1773 4002 1821 4050 P
1849 4004 1885 4063 (i
1917 4016 1954 4050 s.
1988 4005 2056 4063 u.)
2153 4003 2214 4050 22
2246 4016 2386 4048 sensu
2418 4000 2532 4048 DP‘
