4242 4694
1242 547 1355 603 462
2067 541 2412 590 Ambrosii

1243 715 1483 773 filiorum
1526 718 1583 772 et
1620 716 1798 773 totius
1841 716 2083 788 corporis
2124 714 2430 789 redemptio
2465 716 2808 789 conpleatur.
2846 717 2907 774 in
2943 717 3088 775 bono
3119 735 3221 793 ergo

1243 807 1525 882 disperdet
1565 809 1751 867 orbem
1786 812 2074 869 terrarum.
2117 810 2221 868 erit
2252 810 2456 867 etenim
2500 810 2714 868 caelum
2757 828 2981 869 nouum
3023 813 3081 869 et
3124 829 3222 869 nox

1244 919 1373 961 non
1431 901 1572 959 erit
1627 901 1954 976 amplius.
2014 902 2250 976 denique
2305 902 2682 972 reuelabit‚
2731 904 2945 979 inquit,
2997 906 3219 964 faciem

1244 996 1384 1066 eius,
1425 1000 1492 1053 ut
1528 997 1857 1054 reuelata
1905 996 2088 1054 facie
2139 1000 2545 1070 spectemus
2594 998 2901 1072 gloriam
2953 999 3219 1059 Christi.

1048 1089 1233 1163 22,81
1318 1090 1682 1148 Aduertimus
1726 1090 1901 1166 igitur
1947 1091 2003 1148 in
2054 1091 2233 1149 stadio
2282 1090 2574 1149 constituti
2629 1093 2855 1164 quantis
2917 1096 3021 1152 aut
3071 1095 3217 1153 delec-

1241 1185 1437 1244 tationi
1491 1188 1589 1243 aut
1642 1185 1820 1243 dolori
1869 1186 2094 1253 eumue,
2151 1185 2244 1259 qui
2297 1202 2441 1243 nunc
2488 1186 2734 1244 fautores
2775 1188 2947 1246 nobis
2991 1193 3139 1258 sunt,
3171 1206 3220 1247 ns

1242 1296 1340 1352 pro
1389 1279 1547 1337 nobis
1597 1278 1867 1354 incipiant
1914 1279 2252 1337 erubescere.
2305 1279 2454 1336 sicut
2494 1281 2638 1337 enim
2702 1282 2848 1338 erit
2907 1282 3217 1358 gaudium

1242 1374 1309 1431 in
1351 1375 1551 1432 caelo
1587 1390 1801 1448 super
1833 1390 1964 1431 uno
1999 1377 2377 1447 peccatore
2409 1375 2936 1448 paenitentiam
2967 1380 3216 1452 agente.

1242 1468 1321 1526 ita
1375 1468 1480 1527 erit
1534 1468 1818 1526 maestitia
1873 1485 2042 1541 super
2097 1485 2161 1526 eo
2220 1468 2314 1541 qui
2366 1485 2472 1526 non
2528 1473 2746 1526 exorata
2795 1472 2971 1529 uenia
3023 1488 3216 1529 cursum

1241 1561 1392 1619 uitae
1439 1561 1606 1620 huius
1658 1561 1967 1619 confecerit.
2016 1560 2354 1635 castigemus
2396 1577 2526 1636 ergo
2567 1578 2767 1635 corpus
2807 1567 3072 1623 nostrum
3109 1565 3217 1624 ieiu-

1242 1655 1367 1727 niis,
1431 1656 1714 1732 fugiamus
1779 1655 2063 1714 indecoras
2120 1640 2528 1714 comisationes.
2595 1673 2899 1716 caueamus
2958 1675 3031 1716 ne
3085 1658 3216 1716 nobis

1242 1750 1482 1808 dicatur:
1524 1750 1806 1808 ululate
1840 1767 1872 1808 a
1904 1750 2087 1817 uino,
2120 1767 2188 1807 ne
2221 1750 2410 1808 ueniat
2439 1750 2684 1825 Moyses,
2719 1751 2955 1810 Leuitas
2991 1752 3215 1811 aduocet.

1242 1845 1580 1918 quicumque
1643 1851 1873 1918 paratus
1938 1843 2008 1902 ad
2071 1842 2356 1901 dominum
2420 1849 2686 1902 armatam
2744 1843 3037 1903 dexteram
3071 1847 3216 1924 ‘gent

1243 1942 1461 2014 separet
1508 1955 1569 1996 se
1619 1938 1685 1996 ab
1737 1938 1808 1996 iis
1857 1937 1954 2011 qui
1994 1936 2372 1997 manducando
2416 1940 2472 1997 et
2510 1937 2745 1996 bibendo
2788 1939 2992 2015 grauia
3033 1942 3215 1999 conha-
3285 2006 3287 2013 ,

1240 2050 1364 2091 rere
1418 2035 1664 2106 peccata.
1723 2035 1780 2090 et
1833 2031 2000 2091 hodie
2057 2032 2282 2106 Moyses
2338 2031 2512 2102 uenit,
2570 2049 2693 2090 cum
2747 2034 2836 2091 lex
2892 2028 3287 2094 recensetum)¹

1125 2126 1199 2185 82
1240 2127 1466 2202 Moyses
1509 2129 1692 2195 uocat,
1745 2143 1872 2185 cum
1909 2126 1999 2184 lex
2037 2126 2324 2200 praecipit.
2378 2126 2665 2200 apostolus
2708 2126 2878 2185 docet
2919 2131 3002 2186 ut
3058 2143 3213 2204 sepn-

1240 2238 1472 2280 remus
1514 2238 1636 2281 nos
1679 2222 1759 2280 ab
1802 2221 1987 2279 omni
2026 2220 2243 2279 fratre
2282 2221 2614 2293 inquiete
2648 2225 2926 2296 agente.
2966 2220 3206 2296 percuti·-

1242 2332 1367 2374 mus
1418 2331 1543 2373 eum
1596 2315 1837 2391 gladio
1889 2315 2234 2389 spiritali,
2287 2315 2404 2388 qni
2453 2317 2564 2373 est
2613 2315 2904 2373 uerbum
2950 2316 3089 2376 dei.
3128 2328 3200 2375 ιι

1241 2410 1444 2478 statiis,
1511 2426 1619 2468 non
1679 2408 1972 2483 propinqui
2045 2408 2385 2483 accipiamus
2456 2425 2765 2484 personam,
2840 2409 2944 2468 sed
3026 2421 3187 2468 oman

1240 2504 1566 2562 inmundum
1622 2520 1655 2561 a
1707 2501 1916 2561 Christi
1971 2519 2322 2561 secernamus
2378 2503 2665 2572 altaribus,
2722 2507 2786 2560 ut
2854 2505 3126 2562 emundet
3152 2500 3224 2556 ds

1243 2598 1484 2672 corrigat
1527 2598 1721 2673 lapsus
1771 2614 1928 2666 siloe,
1975 2615 2083 2670 quo
2134 2596 2202 2655 ad
2251 2601 2594 2655 sacramenta
2642 2596 2849 2655 Christi
2901 2598 3087 2656 redire
3126 2609 3195 2653 me·

1396 2797 1426 2845 2
1458 2796 1584 2845 Esar.
1623 2798 1695 2854 13,
1731 2800 1759 2846 5
1902 2796 1930 2843 2
1962 2794 2108 2858 Apoo.
2145 2796 2219 2852 21,
2256 2795 2303 2853 ι,
2337 2796 2416 2851 22,
2450 2799 2479 2844 5
2613 2796 2642 2842 s
2673 2795 2723 2843 11
2757 2795 2863 2845 eor.
2900 2799 2945 2854 3,
2994 2800 3054 2847 16
3093 2802 3134 2845 et
3159 2792 3197 2842 ιε
3283 2764 3287 2803 ³

1241 2877 1267 2923 7
1292 2876 1403 2924 Luc.
1434 2877 1507 2934 15,
1536 2876 1595 2925 10
1676 2877 1733 2924 12
1757 2874 1859 2923 Ioel
1887 2877 1926 2930 1,
1953 2877 1981 2923 5
2014 2874 2169 2922 Leuit.
2197 2875 2269 2932 10,
2297 2873 2325 2922 9
2416 2876 2473 2922 16
2498 2874 2546 2922 Π
2572 2874 2732 2922 Thess.
2767 2876 2810 2930 3,
2846 2876 2877 2922 6
2974 2876 3034 2924 18
3067 2874 3193 2938 Ephe

1240 2956 1281 3009 6,
1319 2955 1376 3002 17
1475 2955 1532 3002 19
1565 2953 1737 3003 Matth.
1777 2953 1847 3010 12,
1881 2954 1941 3001 49
1976 2968 2043 3015 sq.

1305 3066 1326 3114 1
1362 3065 1562 3113 filiorum
1597 3079 1687 3113 om.
1720 3063 1780 3112 H
1910 3063 2174 3125 redemptio
2210 3065 2255 3122 (e
2289 3062 2374 3110 alt.
2409 3077 2465 3110 ecc
2496 3063 2513 3110 i
2545 3061 2645 3123 m2)
2676 3062 2724 3109 P
2847 3062 2878 3110 2
2912 3062 3150 3123 disperdet
3171 3056 3199 3105 6

1238 3144 1453 3206 disponit
1483 3143 1541 3190 H
1571 3142 1803 3205 disperdit
1834 3148 1916 3192 cet.
2094 3141 2185 3190 erit
2216 3142 2390 3190 etenim
2427 3140 2472 3189 G
2505 3137 2598 3188 erit
2630 3141 2752 3188 enim
2778 3139 2907 3188 HH'
2941 3141 3117 3189 etenim
3142 3140 3205 3187 cet

1238 3223 1266 3270 3
1299 3222 1535 3272 reuelauit
1557 3222 1652 3271 PG
1685 3229 1731 3270 et
1761 3221 1876 3282 (·bit
1899 3226 2039 3280 corr.)
2061 3217 2121 3269 H
2209 3222 2240 3268 4
2272 3224 2567 3282 expectemus
2590 3219 2772 3267 H‘DP‘
2868 3221 2899 3268 5
2933 3219 3207 3267 aduersam·

1236 3299 1305 3348 H‘
1432 3301 1599 3362 quanti
1628 3300 1743 3348 DP¹
1868 3299 2185 3349 delectatione
2221 3299 2267 3348 G
2361 3300 2387 3346 7
2424 3299 2697 3346 erubescere
2727 3296 2774 3360 (e
2807 3297 2896 3346 alt.
2930 3312 2991 3346 ex
3022 3298 3039 3346 i
3069 3291 3210 3357 ιι2)Ρ

1238 3379 1268 3426 3
1301 3383 1474 3441 agente
1507 3382 1575 3438 (te
1606 3383 1780 3427 m2·ex
1810 3378 1879 3439 te)
1914 3377 1971 3426 H
2058 3378 2087 3426 9
2121 3382 2284 3426 exorta
2319 3376 2363 3425 G
2396 3383 2440 3424 et
2472 3382 2609 3438 (corr.
2640 3379 2742 3436 ΜΒ)
2776 3375 2834 3424 H
2859 3397 2871 3408 ·
2942 3376 3003 3424 10
3037 3375 3210 3435 castign-

1237 3471 1343 3504 mus
1375 3457 1423 3504 P
1547 3459 1602 3505 ll
1640 3457 1971 3504 comisationes
2002 3456 2137 3504 Pm1
2167 3456 2532 3504 comessationes
2563 3454 2705 3502 Pme
2733 3452 2848 3502 GH‘
2883 3458 2928 3501 et
2960 3458 3038 3513 (co
3069 3454 3146 3502 ιιι)
3170 3462 3215 3499 επ

1241 3542 1314 3595 co)
1350 3536 1405 3583 H
1435 3537 1801 3584 comessationes
1832 3535 1884 3583 D
1917 3536 2329 3583 commessationes
2361 3534 2418 3582 P
2528 3535 2584 3582 12
2616 3533 2695 3595 ue]
2727 3547 2883 3580 nonne
2915 3532 2974 3579 H
3099 3530 3215 3581 Leni·

1237 3617 1332 3678 tas]
1367 3619 1417 3663 et
1447 3616 1620 3663 leuitas
1656 3614 1759 3662 GH
1882 3614 2099 3676 aduocet]
2136 3614 2195 3662 ad
2227 3629 2313 3662 uos
2345 3614 2403 3662 H
2512 3614 2568 3661 13
2602 3612 2910 3673 quicumque]
2943 3614 2994 3658 et
3028 3612 3217 3673 quicum·

1241 3710 1333 3756 que
1370 3694 1473 3742 GH
1618 3697 1756 3757 gerat
1786 3702 1836 3755 (g
1865 3708 1903 3743 ε.
1936 3709 1981 3741 u.
2017 3693 2118 3755 m2)
2151 3693 2205 3740 H
2332 3694 2389 3741 14
2420 3693 2495 3740 his
2530 3692 2645 3739 libri
2773 3692 2827 3738 16
2861 3690 3085 3752 Moyses.
3105 3727 3114 3735 .
3134 3688 3221 3735 ‚lex

1241 3789 1328 3821 om.
1363 3772 1421 3820 H
1539 3774 1784 3835 praecepit
1816 3773 1853 3832 (i
1885 3788 1921 3821 s.
1959 3773 2001 3829 e)
2037 3771 2095 3819 H
2215 3770 2332 3818 dicit
2363 3770 2432 3818 H‘
2466 3776 2515 3819 et
2548 3770 2689 3817 docet
2710 3768 2768 3816 H
2862 3769 2922 3817 17
2956 3771 3129 3830 agente
3159 3768 3223 3822 (nt

1242 3847 1299 3900 e'ae
1329 3853 1370 3914 r)
1402 3852 1450 3900 Ρ
1543 3852 1600 3900 18
1635 3852 1735 3913 qui]
1769 3851 1892 3913 quod
1925 3851 1978 3898 H
2087 3851 2141 3898 19
2174 3850 2343 3897 fratres
2374 3850 2423 3897 P
2452 3837 2540 3896 fri]
2568 3863 2625 3895 a
2656 3836 2723 3895 εξ
2754 3846 2824 3894 H‘
2955 3846 3224 3909 accipimus

1244 3936 1290 3989 (a
1324 3932 1408 3978 alt.
1441 3944 1477 3978 e.
1511 3931 1581 3992 u.)
1613 3930 1672 3977 H
1794 3931 1849 3978 21
1886 3930 2091 3990 corrigat
2123 3930 2156 3991 (i
2191 3944 2249 3977 εει·
2279 3933 2322 3988 e)
2359 3928 2405 3974 P
2544 3941 2634 3988 quo
2662 3924 2796 3987 quod
2830 3925 2913 3983 (ad
2944 3940 2982 3975 s.
3015 3923 3156 3986 quod)
3190 3921 3227 3968 P

1240 4024 1332 4070 quo
1367 4022 1514 4069 usque
1548 4008 1607 4055 ad
1640 4008 1692 4054 D
1725 4012 1772 4066 (o
1804 4022 1861 4056 ex
1892 4012 1938 4066 a)
1973 4007 2030 4054 Ρ
2158 4010 2457 4068 sagi-amenta
2491 4006 2538 4052 P
2661 3992 2857 4067 Christi]
2897 4005 2975 4053 dei
3005 3992 3118 4052 DP¹
