4242 4694
1126 498 1199 554 58
1963 492 2333 541 Ambrosii-

1122 665 1332 726 Christi
1371 664 1685 723 thensauris
1727 665 1966 742 Aegypti
2005 664 2308 740 pretiosius
2349 664 2707 728 aestimatum
2748 666 2853 721 est.
2895 665 2953 722 et
2990 664 3119 722 ideo

1120 761 1345 836 Moyses
1384 760 1598 818 Pharao
1629 759 1777 838 regis
1811 760 1994 817 aulam
2025 760 2254 833 reliquit
2284 761 2342 817 et
2372 757 2504 817 fidei
2536 758 2709 833 elegit
2739 758 3118 832 obprobrium,

1122 856 1214 914 cui
1254 872 1313 913 se
1353 854 1647 929 obprobrio
1686 854 1863 912 maria
1891 853 2218 911 diuidebant
2268 853 2388 927 ipse
2421 869 2552 927 ergo
2586 851 2949 924 Nephthalim
2981 852 3117 910 uitis

1120 953 1304 1008 totum
1351 948 1584 1007 remissa
1627 965 1727 1022 per
1771 948 2060 1016 muudum,
2107 949 2175 1004 ut
2222 946 2478 1005 omnibus
2526 947 2750 1020 populis
2807 947 3119 1004 ubertatem

1121 1042 1311 1119 poculi
1351 1042 1617 1117 spiritalis
1656 1041 1988 1113 infunderet,
2028 1041 2149 1113 ipse
2190 1044 2278 1099 est
2316 1040 2634 1113 ampliatus,
2677 1041 2885 1098 habens
2917 1057 3116 1098 nomen
3174 1064 3200 1104 s

1123 1154 1290 1211 super
1313 1153 1473 1194 omne
1499 1152 1718 1204 nomen,
1755 1136 1851 1210 qui
1884 1136 2145 1210 quoniam
2180 1152 2239 1193 se
2272 1152 2371 1208 pro
2406 1135 2662 1193 omnibus
2698 1135 2904 1193 obtulit
2933 1135 3119 1202 morti,
3165 1150 3170 1155 ·

1121 1229 1246 1289 ideo
1288 1231 1445 1289 audit
1485 1247 1517 1287 a
1555 1233 1744 1304 patre:
1785 1230 1867 1288 ad
1907 1247 2015 1288 me
2047 1232 2434 1288 reuertere.
2477 1231 2806 1304 loquebatur
2845 1230 3009 1287 Iacob
3062 1233 3120 1288 et
3198 1244 3236 1294 Ε·

1121 1325 1258 1384 deus
1321 1324 1665 1383 audiebatur.
1737 1325 1833 1383 ille
1906 1323 2269 1383 benedicebat
2338 1326 2396 1381 et
2467 1323 2722 1382 dominus
2787 1323 3121 1397 personabat

1121 1419 1310 1478 dicens
1328 1418 1468 1478 filio:
1496 1436 1530 1477 a
1541 1419 1577 1477 d
1599 1437 1657 1476 m
1669 1436 1698 1477 e
1722 1438 1752 1477 r
1763 1436 1792 1477 e
1804 1437 1842 1477 u
1858 1437 1928 1481 er
1940 1422 2007 1477 te
2021 1436 2104 1488 re,
2122 1419 2229 1478 hoc
2246 1422 2334 1478 est
2347 1419 2808 1493 postpassionem
2824 1420 3118 1478 reuertere.

1118 1516 1398 1572 reuertere
1438 1513 1509 1575 ad
1548 1513 1736 1571 sedem
1777 1517 1950 1583 tuam,
1990 1516 2264 1572 reuertere
2305 1531 2432 1570 cum
2464 1516 2709 1588 tropaeo,
2741 1515 3018 1570 reuertere
3051 1511 3121 1569 ad
3154 1539 3201 1575 ιο

1118 1625 1228 1679 me,
1284 1611 1352 1665 ut
1406 1611 1464 1666 te
1516 1612 1898 1684 resurgentem
1946 1607 2194 1666 defuncti
2243 1610 2548 1681 sequantur
2595 1611 2652 1665 et
2697 1610 2796 1665 tua
2841 1607 3119 1679 potestate

1119 1703 1324 1777 pariter
1385 1704 1553 1776 atque
1616 1703 1864 1775 exemplo
1928 1705 2240 1776 resurgant,
2306 1703 2373 1759 ut
2433 1702 2534 1759 fias
2589 1700 2997 1776 primogenitus
3054 1716 3121 1757 ex

1122 1797 1377 1866 mortuis,
1426 1797 1495 1854 ut
1541 1795 1611 1854 ad
1661 1797 1938 1854 dexteram
1986 1797 2183 1854 sedeas
2231 1797 2423 1870 patris.
2472 1796 2619 1854 unde
2660 1798 2718 1853 et
2756 1794 2905 1852 filius
2948 1793 3117 1852 dixit:

1119 1891 1361 1949 amodo
1402 1890 1764 1949 uidebitis
1803 1892 2046 1949 filium
2085 1890 2390 1949 hominis
2431 1890 2796 1948 sedentem
2840 1888 2918 1946 ad
2969 1888 3117 1945 dex·

1025 1982 1100 2038 42
1118 1986 1339 2044 teram
1386 1985 1713 2045 uirtutis.
1761 1989 1928 2061 neget
1975 1987 2100 2059 quis
2153 1986 2373 2044 beatum
2424 1984 2590 2043 Iacob
2641 1983 2697 2040 in
2745 1983 2868 2057 ipso
2917 1982 3116 2041 mo‘rtis
3151 2006 3196 2044 ιε

1119 2096 1398 2154 supremo,
1439 2079 1535 2153 qui
1575 2078 1764 2138 diuina
1803 2079 2068 2138 fundebat
2109 2080 2376 2139 oracula?
2425 2080 2594 2153 neget
2639 2077 2864 2135 beatum
2914 2077 3118 2150 Ioseph
3193 2093 3265 2142 47⁴.

1115 2173 1175 2230 in
1222 2189 1454 2244 carcere,
1503 2174 1602 2231 ubi
1653 2174 1955 2247 sapientiae
2003 2173 2201 2247 spiritu
2260 2172 2723 2245 interpretabatur
2777 2172 3118 2229 somniorum

1119 2284 1260 2341 quae
1292 2267 1544 2325 audierat
1576 2268 1865 2325 ueritatem
1899 2270 1956 2325 et
1987 2268 2297 2326 futurorum
2340 2268 2541 2325 seriem
2579 2267 2910 2330 reuelabat?
2952 2268 3119 2341 neget

1117 2362 1343 2419 beatum
1403 2361 1644 2429 Esaiam,
1712 2379 1839 2420 cum
1903 2361 2120 2420 medius
2187 2364 2483 2429 secaretur,
2556 2360 2915 2430 Hieremiam,
2987 2379 3115 2419 cum

1116 2458 1474 2529 mergeretur,
1524 2455 1759 2513 Danihel
1807 2459 2080 2524 sanctum,
2130 2472 2260 2513 cum
2306 2455 2451 2513 inter
2495 2451 2686 2512 leones
2738 2455 2913 2511 staret
2949 2453 3116 2511 intre·
3147 2479 3193 2517 ,ο

1115 2548 1281 2622 pidus
1332 2552 1389 2606 et
1434 2547 1723 2622 prandium
1775 2549 1826 2607 ei
1881 2553 2072 2623 raptus
2130 2548 2198 2606 ab
2254 2549 2451 2622 angelo
2508 2547 2779 2621 propheta
2836 2547 3115 2605 deferret?

1117 2659 1224 2700 non
1281 2643 1475 2715 utique
1528 2643 1655 2700 ideo
1712 2643 1927 2711 beatus,
1985 2643 2114 2716 quia
2170 2643 2410 2700 alienum
2457 2641 2760 2715 prandebat
2805 2641 3115 2716 prandium,

1119 2737 1216 2795 sed
1273 2737 1404 2809 quia
1456 2738 1669 2796 meritis
1727 2738 1845 2795 suis
1901 2739 2121 2811 inpasta
2174 2738 2399 2795 leonum
2457 2753 2552 2794 ora
2614 2735 2925 2794 claudebat.
2989 2736 3115 2808 quis

1119 2833 1306 2890 autem
1339 2849 1445 2889 non
1478 2832 1696 2889 beatam
1731 2831 1928 2890 dixerit
1960 2833 2191 2888 matrem
2217 2830 2698 2900 Machabaeorum,
2734 2846 2874 2903 quae
2900 2833 3116 2903 septem
3191 2839 3230 2888 B

1117 2925 1376 2983 filiorum·
1415 2926 1701 2984 funeribus
1759 2928 2015 2984 octauam
2071 2941 2131 2982 se
2189 2924 2403 2982 addidit
2457 2925 2525 2981 ad
2581 2924 2804 2981 laudem
2854 2923 3112 2980 caelestis
3146 2953 3191 2988 η

1115 3018 1430 3093 triumphi?

1275 3249 1304 3297 2
1337 3248 1482 3298 Exod.
1515 3250 1561 3305 2,
1598 3250 1655 3298 15
1773 3250 1802 3297 5
1832 3248 2042 3311 Philipp.
2075 3250 2119 3306 2,
2154 3250 2184 3297 9
2306 3249 2364 3298 14
2395 3248 2568 3296 Matth.
2605 3249 2680 3305 26,
2713 3249 2774 3296 64
2902 3247 2960 3295 16
2995 3247 3111 3296 Gen.

1120 3329 1197 3385 40,
1232 3329 1262 3377 3
1293 3341 1396 3389 sqq.
1543 3328 1600 3374 19
1631 3325 1775 3374 Hebr.
1812 3329 1887 3384 11,
1918 3328 1977 3375 37
2126 3329 2188 3376 20
2218 3328 2342 3375 Dan.
2375 3326 2418 3380 6,
2455 3325 2514 3376 18
2647 3326 2703 3374 21
2742 3329 2839 3373 uet.
2875 3326 3003 3373 Test.
3039 3327 3111 3375 ed.

1119 3404 1433 3455 'I'ischendorf
1461 3409 1513 3454 et
1541 3405 1712 3454 Nestle
1744 3404 1817 3454 ed.
1852 3405 1944 3454 VII
1978 3406 2071 3454 uol.
2103 3405 2155 3453 11
2187 3422 2231 3467 p.
2267 3406 2359 3454 615
2392 3405 2534 3462 (Dan.
2573 3405 2668 3465 14),
2699 3405 2759 3453 35
2792 3419 2862 3466 sq.

1184 3555 1206 3604 1
1240 3553 1513 3603 thensauris
1542 3555 1586 3605 21
1618 3553 1855 3602 thesauris
1885 3556 1945 3606 Ψ
1978 3554 2039 3612 (is
2072 3569 2132 3602 ex
2162 3557 2259 3613 um)
2294 3558 2378 3602 cet.
2549 3553 2683 3616 egyti
2714 3554 2762 3602 A
2794 3515 2986 3618 (egipti1
3012 3557 3112 3613 ¹0³2)

1119 3635 1149 3682 2
1180 3633 1311 3682 farao
1343 3633 1482 3684 An
1512 3633 1768 3696 pharaonis
1799 3632 1904 3681 DT
2014 3634 2045 3682 3
2077 3633 2209 3681 cuius
2242 3633 2390 3681 Δηώ)
2419 3637 2467 3681 et
2499 3635 2576 3691 (ue
2608 3633 2722 3693 del.)
2763 3633 2809 3681 T
2929 3631 3114 3680 diuide-

1119 3712 1237 3761 bant
1266 3712 1316 3760 P
1345 3712 1381 3771 (i
1410 3726 1486 3773 pr.
1517 3711 1575 3759 in
1601 3709 1723 3769 r'as.)
1757 3715 1801 3759 et
1834 3712 1870 3768 (i
1895 3726 1974 3772 pr.
2009 3726 2067 3760 ea:
2099 3728 2123 3759 e
2156 3716 2257 3771 m3)
2289 3713 2333 3761 521
2418 3737 2432 3751 ·
2495 3712 2762 3774 nepthalim
2793 3710 2853 3763 Ψ
2883 3710 3114 3773 neptalim

1120 3795 1202 3848 aa„
1315 3791 1345 3838 e
1376 3789 1556 3853 optulit
1583 3789 1644 3840 ‘u‘
1754 3788 1784 3837 s
1816 3777 1911 3839 «ff
1938 3790 2133 3841 amer
2166 3790 2222 3839 ds
2253 3790 2426 3841 amr
2536 3792 2593 3840 10
2623 3794 2791 3854 tropeo
2823 3789 2873 3837 P
2903 3790 2953 3849 (h
2983 3802 3020 3837 e.
3054 3803 3116 3851 pq

1119 3869 1265 3931 eras.)
1295 3870 1337 3920 U
1368 3868 1423 3930 (h
1453 3883 1491 3917 a.
1523 3884 1553 3929 p
1587 3871 1687 3928 ²223)
1719 3868 1920 3931 tropheo
1951 3873 2035 3918 cet.
2157 3870 2215 3918 17
2247 3864 2585 3933 interpr-&abad
2616 3870 2666 3918 Δ
2698 3862 2741 3929 (’
2764 3868 2879 3919 add.
2912 3883 2972 3918 m.
3007 3868 3116 3915 alia

1118 3953 1175 3997 ut
1202 3948 1416 4008 uidemr)
1512 3948 1572 3995 24
1604 3946 1794 3995 beatam
1824 3946 1875 3995 P
1905 3950 2001 4007 (am
2034 3961 2094 3995 a
2124 3952 2221 4008 um)
2346 3946 2709 3997 machabeorum
2743 3947 2860 3996 libri
