4242 4694
1119 499 1233 588 440
1951 525 2299 574 Ambrosii

1120 700 1214 757 diu
1272 703 1329 757 et
1379 699 1584 756 dubius
1634 699 1771 756 belli
1821 702 2093 760 euentus:
2145 701 2299 757 furor
2348 700 2493 757 enim
2543 700 2641 757 ille
2691 704 2780 757 est
2829 700 3139 773 proeliari&

1120 794 1325 852 cedunt
1385 793 1770 868 pincernarum
1842 811 2043 851 manus
2117 794 2248 851 uina
2318 794 2669 852 fundentium
2743 797 2800 851 et
2876 810 3136 853 cocorum

1117 889 1335 947 labores
1377 888 1558 946 calida
1588 888 2062 956 ministrantium*
2081 889 2288 946 cedunt
2319 889 2415 962 qui
2449 905 2740 946 mensuras
2772 889 2932 964 ipsas
2967 890 3136 949 bonas

1121 983 1580 1056 supereffluentes
1631 983 1886 1058 diligenti
1936 983 2143 1040 librant
2191 984 2456 1053 examine,
2507 1000 2574 1040 ne
2625 983 2757 1056 quid
2818 985 3134 1042 effundant:
3210 1033 3212 1040 .

1120 1095 1227 1136 non
1271 1078 1477 1141 cedunt
1513 1077 1787 1136 bibentes.
3171 1098 3187 1135 s

1025 1168 1100 1224 49
1201 1171 1334 1230 Sola
1381 1172 1479 1229 illa
1528 1175 1661 1229 sunt
1711 1172 1829 1230 sine
1871 1175 2223 1232 excusatione
2267 1172 2584 1231 certamina.
2629 1174 2683 1230 in
2724 1174 2876 1231 bello
2923 1174 2975 1232 si
3019 1174 3138 1248 quis

1121 1284 1182 1326 se
1224 1266 1540 1325 inferiorem
1582 1265 1807 1335 uiderit,
1847 1283 2000 1324 arma
2040 1267 2323 1324 conuertit
2363 1269 2420 1324 et
2458 1270 2704 1324 meretur
2743 1267 3009 1326 ueniam:
3052 1267 3135 1325 hic

1123 1362 1171 1420 si
1216 1361 1342 1435 quis
1384 1360 1617 1418 calicem
1659 1364 1966 1430 conuertat‚
2009 1367 2241 1436 urgetur
2282 1362 2349 1418 ad
2390 1367 2605 1434 potum.
2649 1361 2703 1419 in
2739 1365 3052 1420 scammate
3091 1361 3133 1420 si

1122 1456 1249 1529 quis
1321 1473 1546 1513 manum
1618 1454 1792 1523 leuat,
1867 1471 2023 1512 exors
2096 1455 2318 1528 quidem
2391 1456 2628 1529 palmae,
2709 1456 2808 1513 sed
2891 1456 3131 1514 inmunis

1121 1550 1356 1607 iniuriae
1414 1554 1534 1607 est:
1595 1550 1648 1607 in
1708 1550 1984 1607 conuiuiis
2045 1550 2150 1607 etsi
2207 1567 2435 1607 manum
2493 1554 2722 1607 reuocet
2772 1566 2805 1607 a
2854 1550 3011 1620 uine,
3061 1550 3186 1608 orii·

1123 1645 1245 1702 eius
1302 1644 1630 1702 infunditur.
1691 1660 1883 1701 omnes
1937 1643 2299 1711 inebriantur,
2350 1644 2592 1702 uictores
2641 1645 2895 1718 uictique
2949 1661 3130 1703 omnes

1123 1739 1262 1797 ebrii
1311 1739 1495 1795 iacent
1541 1737 1789 1812 plerique
1839 1737 2027 1810 sopiti.
2079 1755 2179 1796 nec
2228 1739 2437 1812 portari
2493 1748 2589 1797 eos
2646 1739 2717 1796 ad
2773 1740 3132 1813 sepulchrum

1120 1833 1271 1901 licet,
1337 1832 1664 1906 priusquam
1727 1832 1776 1889 is
1835 1832 1930 1905 qui
1985 1832 2170 1905 pascit
2225 1832 2292 1890 de
2350 1833 2611 1891 omnibus
2670 1850 2731 1890 se
2786 1833 3133 1891 uindicatum

1121 1926 1345 1995 uiderit,
1386 1929 1452 1983 ut
1491 1926 1799 1984 ulciscatur
1831 1925 2205 2000 dispendium.
2241 1926 2335 1999 qui
2369 1930 2558 1984 autem
2593 1927 2792 1985 damna
2825 1943 2939 1984 non
2973 1925 3135 1986 sentit

1121 2021 1265 2078 hanc
1305 2037 1530 2078 mensae
1573 2037 1706 2092 suae
1746 2021 1982 2095 gloriam
2023 2024 2204 2094 putat,
2246 2021 2297 2078 si
2339 2038 2401 2078 ex
2436 2039 2501 2079 ea
2532 2021 2813 2078 uulnerati
2849 2039 3046 2081 omnes
3077 2037 3137 2079 ac
3162 2039 3196 2076 u

1028 2115 1104 2171 50
1122 2116 1304 2173 saucii
1342 2118 1631 2189 tamquam
1673 2115 1742 2173 de
1783 2116 1984 2173 harena
2026 2120 2238 2173 exeant.
2283 2116 2666 2189 spectaculum
2707 2116 2873 2173 triste
2908 2117 3133 2175 Christi-

1125 2228 1354 2269 anorum
1405 2209 1585 2269 oculis
1636 2212 1692 2268 et
1740 2210 2048 2268 miserabili
2099 2211 2302 2283 specie.
2353 2227 2545 2268 cernas
2594 2211 2832 2268 iuuenes
2874 2207 3135 2269 terribilis

1124 2306 1255 2364 uisu
1296 2304 1555 2364 hostibus
1599 2305 1664 2363 de
1707 2304 1966 2363 conuiuio
2006 2305 2217 2378 portari
2258 2305 2405 2363 foras
2447 2309 2505 2362 et
2544 2305 2670 2362 inde
2706 2304 2774 2361 ad
2811 2306 3132 2365 conuiuium

1123 2400 1414 2474 reportari,
1456 2400 1655 2472 repleri
1698 2404 1765 2457 ut
1805 2399 2131 2456 exhauriant
2172 2403 2229 2456 et
2270 2399 2540 2456 exhauriri
2585 2403 2650 2457 ut
2678 2399 2893 2458 bibant.
2937 2401 2988 2458 si
3021 2400 3134 2473 quis

1284 2648 1342 2695 16
1374 2645 1484 2693 Bas.
1519 2647 1610 2694 457
1645 2646 1684 2692 B
1721 2646 1833 2702 (128
1865 2647 1927 2706 B)

1193 2819 1213 2866 1
1251 2817 1424 2866 dubius
1459 2818 1520 2876 (is
1552 2832 1589 2866 s.
1624 2832 1694 2875 us,
1726 2819 1812 2866 sed
1841 2822 1984 2877 eras.)
2020 2819 2068 2865 P
2097 2817 2232 2866 dubii
2262 2817 2307 2865 G
2339 2817 2485 2865 dubia
2509 2817 2670 2865 BDP‘
2795 2818 2880 2864 ille
2905 2818 2961 2865 P
2991 2823 3037 2867 et
3064 2818 3137 2865 ¹⁸13

1131 2896 1176 2945 G
1207 2897 1305 2945 illis
1329 2897 1390 2945 Η
1416 2897 1491 2945 illi
1528 2896 1664 2946 Gml
1695 2902 1779 2947 cet.
1878 2897 1906 2944 2
1941 2889 2142 2945 cedunt.
2165 2896 2595 2944 ..ministrantium
2628 2910 2716 2943 om.
2745 2896 2792 2942 Β
2923 2900 2978 2944 et
3012 2910 3133 2945 coco-

1126 2991 1258 3025 rum.
1281 2977 1490 3027 ..bonas
1525 2990 1613 3024 om.
1646 2975 1705 3023 H
1861 2989 2114 3037 quocorum
2151 2975 2245 3023 PG
2278 2988 2534 3036 coquorum
2566 2974 2681 3021 DP‘
2825 2976 2854 3022 3
2887 2974 3074 3024 laboris
3099 2971 3134 3021 P

1190 3054 1347 3103 calida
1377 3055 1425 3102 P
1455 3053 1630 3103 callida
1663 3054 1702 3113 (l
1725 3068 1804 3115 pr.
1839 3058 1984 3113 erae.)
2023 3053 2070 3100 G
2194 3055 2227 3101 4
2260 3057 2310 3101 et
2341 3067 2422 3115 per
2455 3052 2704 3100 effluentes
2739 3051 2793 3099 H
2923 3051 3131 3101 laborm

1097 3164 1111 3186 ,
1131 3132 1176 3181 G
1209 3134 1405 3192 uibrant
1433 3133 1547 3181 DP‘
1635 3197 1637 3199 v
1708 3133 1787 3195 qui
1822 3132 2022 3180 efudant
2053 3131 2102 3179 B
2246 3133 2272 3179 7
2305 3133 2361 3179 in
2390 3131 2537 3179 uerbo
2572 3131 2759 3179 ueniam
2794 3131 2981 3179 desinit
3013 3131 3062 3179 B
3091 3131 3138 3178 in

1093 3215 1098 3219 ”
1124 3212 1249 3273 folio
1282 3218 1515 3271 extremm·
1546 3218 1701 3259 cetera
1734 3212 2014 3259 exciderunt
2141 3211 2172 3259 8
2206 3214 2432 3273 urguetur
2462 3209 2511 3257 P
2542 3218 2592 3269 (u
2628 3211 2712 3258 alt.
2747 3224 2783 3259 ε.
2817 3225 2868 3258 u.
2904 3212 3012 3272 1112)
3047 3208 3143 3259 GH

1189 3294 1396 3339 scarnate
1419 3289 1464 3338 G
1488 3291 1714 3338 scammai
1738 3295 1808 3349 (te
1831 3305 1868 3338 a.
1896 3291 1912 3338 i
1935 3293 2037 3349 m2)
2062 3289 2120 3338 H
2182 3291 2209 3338 9
2236 3296 2284 3338 tc
2309 3290 2418 3350 (del.
2447 3292 2527 3336 m3
2549 3288 2594 3337 G
2617 3292 2701 3336 m2
2716 3289 2788 3348 H)
2815 3303 3013 3337 manum
3045 3288 3145 3338 GH

1191 3371 1320 3418 leuet
1352 3370 1410 3418 H
1521 3369 1577 3417 10
1610 3369 1787 3417 iniuria
1823 3368 1870 3418 G
1902 3373 1947 3416 et
1981 3369 2099 3426 (·iae
2132 3373 2231 3427 ²²12)
2266 3368 2325 3417 H
2445 3382 2635 3415 manum
2669 3368 2770 3414 eius
2804 3367 2872 3414 H⁴
2979 3370 3032 3417 11
3069 3370 3140 3416 iu·

1128 3449 1439 3497 ebriabuntur
1462 3449 1608 3496 PDP
1752 3449 1956 3496 uictores
1983 3453 2028 3504 (e
2054 3463 2112 3495 ex
2138 3449 2151 3494 i
2181 3450 2279 3507 m2)
2305 3447 2353 3493 P
2447 3448 2505 3494 12
2537 3447 2788 3506 iacentque
2813 3446 2885 3493 H‘
3017 3448 3141 3509 sopit

1126 3528 1228 3588 (ηυξ)
1260 3529 1529 3590 sopiuntur)
1556 3529 1604 3576 P
1728 3527 2029 3588 scpulcrhum
2054 3528 2103 3574 P
2132 3526 2397 3588 sepulcrum
2422 3525 2545 3573 HH‘
2646 3527 2702 3573 13
2736 3525 2852 3573 licet
2885 3533 3005 3573 ante
3036 3541 3141 3588 por-

1125 3607 1219 3654 tari
1252 3607 1530 3667 transponit
1563 3606 1632 3654 H‘
1759 3607 1835 3654 his
1869 3606 1967 3653 ΡΙ)
1998 3610 2042 3653 et
2077 3606 2124 3663 (h
2160 3609 2284 3665 emp.)
2323 3604 2367 3652 G
2465 3607 2523 3653 15
2556 3619 2669 3652 suae
2701 3618 2790 3651 om.
2824 3604 2877 3650 Η
3003 3609 3145 3666 putat

1128 3686 1177 3739 (a
1208 3700 1267 3733 ex
1299 3690 1344 3744 e)
1384 3686 1428 3734 G
1544 3686 1600 3733 16
1633 3686 1813 3747 harena
1845 3686 1893 3732 P
1921 3699 2063 3732 arena
2096 3689 2177 3731 cet.
2305 3683 2666 3755 crhistianorum
2699 3684 2748 3730 P
2858 3685 2911 3730 17
2949 3684 3141 3731 misera-

1129 3762 1211 3809 bili
1247 3763 1295 3809 P
1332 3763 1381 3825 (b
1416 3778 1474 3811 ex
1507 3767 1556 3824 u)
1591 3764 1660 3811 H‘
1704 3763 1973 3811 miserabile
2006 3762 2118 3810 DP¹
2159 3761 2445 3810 miserabilis
2482 3761 2587 3810 GH
2623 3762 2699 3822 (in
2729 3762 2904 3823 quibus
2936 3762 3140 3823 species)

1192 3856 1353 3889 cernes
1386 3841 1456 3889 11¹
1597 3844 1794 3890 iuuenes
1827 3845 1896 3899 (es
1931 3857 1988 3889 ex
2020 3843 2060 3889 is
2095 3845 2191 3899 m2)
2227 3843 2276 3889 P
2397 3841 2624 3889 terriuilis
2654 3840 2792 3888 sz
2821 3840 3067 3888 terribiles
3098 3840 3148 3888 P

1129 3921 1211 3965 2212
1243 3924 1326 3967 cet.
1428 3920 1485 3968 18
1514 3920 1720 3968 fortasse
1755 3920 1865 3968 inde
1898 3920 1954 3967 H
2060 3921 2116 3968 19
2150 3921 2360 3968 exaurire
2394 3920 2442 3966 P
2471 3919 2714 3967 exhaurire
2745 3918 2948 3977 H‘DP‘,
2982 3922 3034 3967 et
3062 3933 3139 3966 cx·

1128 3996 1305 4046 hauriri
1337 4011 1425 4047 om.
1461 3998 1520 4047 H
