4242 4694
1075 1095 1099 1128 5

994 1458 1045 1512 ,2

1052 1564 1098 1597 10

1049 2036 1094 2070 15

1041 2976 1088 3010 25

1216 525 1288 571 ne
1303 523 1538 585 interpell.
1556 491 1642 571 10'1:
1658 529 1709 571 et
1724 523 1883 572 naum
1899 523 1975 572 111
1994 524 2132 588 (1111)
2148 527 2191 574 4.
2212 526 2256 583 ι’),
2277 528 2460 575 10--12
2500 528 2542 586 (Ι
2558 529 2650 578 665
2669 529 2868 580 n—eee
2884 530 2959 591 Ε).
3024 534 3137 591 255

1136 696 1438 768 prodiuit
1479 697 1668 769 quasi
1713 713 1782 753 ex
1824 696 2019 769 adipe
2061 698 2390 771 iniquitas
2432 717 2674 770 eorum,
2724 703 3139 765 transierunt

1138 793 1198 847 in
1243 789 1752 864 dispositionem
1795 789 2034 848 cordis,
2078 791 2144 848 ab
2189 792 2348 866 adipe
2389 792 2606 867 adipale
2641 795 2787 851 enim
2821 795 3043 865 dicitur,
3077 797 3134 854 id

1135 889 1221 942 est
1260 884 1482 959 pingue.
1525 884 1675 941 sicut
1714 885 1862 941 enim
1903 884 2086 941 anima
2123 885 2283 942 bonis
2317 889 2478 959 pasta
2510 890 2568 945 et
2597 888 2797 945 referta
2829 889 3133 949 uirtutibus

1133 983 1415 1050 tamquam
1467 977 1656 1051 adipe
1707 983 1774 1036 et
1820 978 2228 1052 pinguedine
2276 981 2536 1054 repletur,
2588 985 2654 1039 ut
2700 975 2970 1056 scriptum
3028 989 3132 1054 est,

1134 1072 1212 1128 sic
1270 1072 1552 1145 iniquitas,
1609 1088 1749 1144 quae
1807 1072 1967 1144 quasi
2024 1088 2087 1129 ex
2144 1072 2304 1145 adipe
2360 1074 2627 1146 procedit,
2685 1094 2789 1134 non
2837 1079 3026 1136 tenuis
3074 1081 3131 1148 et
3166 1085 3210 1134 B

1135 1167 1290 1223 exilis
1348 1165 1710 1240 significatur,
1769 1165 1866 1222 sed
1914 1167 2079 1239 plena
2126 1167 2408 1224 uitiorum.
2461 1167 2698 1242 denique
2746 1187 2854 1228 non
2900 1171 3131 1230 fortuito

1133 1261 1373 1333 quodam
1412 1261 1574 1334 lapsu
1614 1260 1670 1316 in
1713 1276 1951 1317 errorem
1979 1259 2239 1330 incidere,
2275 1261 2372 1318 sed
2407 1262 2641 1320 consilio
2677 1266 2735 1320 et
2765 1263 3130 1338 dispositione

1130 1355 1184 1411 in
1230 1354 1584 1428 sacrilegium
1623 1353 1975 1412 transierunt.

1207 1450 1584 1507 Posuerunt
1640 1449 1702 1505 in
1762 1449 2015 1505 caelum
2074 1466 2143 1507 os
2211 1466 2418 1518 suum,
2485 1453 2551 1508 et
2612 1452 2844 1525 lingua
2907 1470 3126 1511 eorum
3168 1465 3209 1515 c-

1130 1543 1455 1600 transiuit
1495 1559 1694 1616 super
1733 1546 1992 1601 terram.
2035 1560 2238 1616 ponere
2280 1544 2335 1601 in
2378 1544 2531 1601 caelo
2574 1561 2637 1604 os
2681 1563 2845 1604 suurn
2887 1547 3021 1620 quid
3055 1550 3132 1607 sit

1129 1640 1292 1696 docet
1346 1654 1446 1696 nos
1502 1638 1599 1695 ille
1655 1654 1720 1695 ex
1773 1638 2036 1695 fratribus
2094 1638 2520 1708 adulescentior,
2580 1639 2675 1716 qui
2722 1658 3009 1715 regressus
3059 1644 3129 1702 ad

1129 1737 1341 1807 patrem
1398 1732 1566 1789 dixit:
1623 1734 1829 1806 pater,
1886 1732 2161 1804 peccaui
2215 1732 2280 1788 in
2338 1732 2590 1789 caelum
2648 1737 2714 1790 et
2770 1751 2982 1793 coram
3047 1741 3125 1796 te.

1127 1829 1341 1901 ponunt
1379 1829 1568 1883 autem
1608 1826 1663 1882 in
1706 1825 1921 1883 caelum
1966 1841 2028 1881 os
2072 1842 2235 1882 suurn
2281 1826 2375 1898 qui
2417 1826 2524 1883 sibi
2567 1827 2860 1885 criminum
2893 1830 3124 1887 auctori·
3157 1843 3201 1891 D

1125 1925 1273 1979 tates
1331 1919 1644 1978 natiuitatis
1701 1922 1905 1992 putant
1958 1919 2196 1993 quadam
2254 1920 2587 1978 necessitate
2645 1920 2859 1981 deferri.
2918 1924 2974 1980 hi
3024 1941 3123 1982 nec

1129 2015 1278 2073 caelo
1329 2031 1431 2072 nec
1480 2014 1640 2072 terris
1689 2030 1911 2088 parcere
1962 2015 2164 2082 soient,
2215 2016 2279 2069 ut
2327 2030 2491 2071 cursu
2542 2015 2781 2087 quodam
2839 2017 3123 2076 stellarum

1127 2109 1459 2165 arbitrentur
1505 2109 1681 2165 uitam
1732 2108 1972 2165 hominis
2014 2092 2505 2182 gubernarisnihil
2544 2109 2941 2181 prouidentiae,
2984 2112 3123 2168 nihil

1125 2204 1283 2260 bonis
1331 2203 1577 2260 moribus
1626 2202 2034 2275 derelinquunt.
2086 2204 2250 2274 atque
2300 2201 2511 2259 utinam
2561 2205 2616 2260 et
2671 2202 2769 2261 isti
2825 2205 2970 2261 sicut
3021 2205 3120 2262 ille

1125 2315 1269 2353 unus
1320 2296 1386 2353 de
1438 2297 1654 2354 duobus
1703 2295 2159 2353 adulescentibus
2207 2297 2603 2355 reuertissent:
2645 2298 2824 2356 bonus
2865 2298 3120 2357 dominus

1124 2391 1429 2447 remedium
1479 2407 1584 2447 non
1632 2393 1909 2464 negasset.
1951 2391 2010 2446 et
2046 2392 2231 2446 tamen
2282 2390 2499 2447 etiamsi
2549 2391 2656 2465 ipsi
2705 2392 2883 2450 nolint
2923 2393 3119 2465 sanari,

1121 2488 1373 2541 reseruat
1426 2484 1682 2541 dominus
1738 2484 2101 2557 regressionis
2164 2484 2418 2559 gratiam,
2482 2489 2549 2542 ut
2611 2485 2706 2558 qui
2764 2486 2820 2542 in
2884 2485 3119 2545 Istrahel

1122 2579 1337 2652 expulsi
1393 2580 1527 2635 sunt
1579 2595 1679 2652 per
1732 2578 1914 2636 cordis
1962 2578 2169 2652 proprii
2219 2579 2542 2636 caecitatem
2581 2596 2681 2653 per
2717 2579 3118 2654 plenitudinem
3155 2588 3196 2637 Ε

1121 2674 1390 2730 ecclesiae
1438 2675 1789 2729 reuertuntur
1836 2675 1896 2728 et
1934 2690 2041 2729 non
2085 2688 2295 2730 uacuos
2338 2672 2457 2730 dies
2499 2673 2649 2731 uitae
2688 2674 2854 2732 istius
2896 2674 3116 2745 ducant,

1122 2768 1221 2824 sed
1261 2768 1457 2839 plenos
1498 2765 1748 2823 habeant
1775 2765 1951 2822 bonae
1993 2766 2326 2840 operationis
2369 2769 2426 2824 et
2463 2765 2611 2836 fidei,
2654 2782 2780 2826 cum
2821 2768 3119 2841 repleuerit

1121 2879 1216 2919 eos
1282 2860 1541 2918 dominus
1600 2859 1781 2934 gratia
1844 2859 2095 2931 spiritali.
2179 2860 2455 2932 quomodo
2521 2863 2708 2919 autem
2772 2864 3119 2920 reuertentur

1123 2956 1328 3028 accipe.
1380 2955 1533 3028 quia
1581 2954 1873 3011 caecitas
1923 2953 2105 3027 inquit
2142 2970 2214 3011 ex
2251 2959 2438 3028 parte
2477 2955 2768 3016 Istrahel
2808 2958 3114 3032 contigit,

1278 3154 1300 3200 1
1352 3152 1526 3201 Psalm.
1558 3150 1736 3199 LXXII
1767 3152 1794 3198 7
1953 3151 1984 3198 4
2030 3150 2202 3199 Psalm.
2234 3150 2366 3199 Lxu
2400 3153 2429 3201 6
2584 3154 2614 3201 8
2655 3154 2830 3208 Psalm.
2874 3154 3051 3204 LXXII
3083 3158 3112 3205 9

1123 3234 1179 3279 12
1212 3233 1324 3279 Luc.
1363 3233 1433 3287 15.
1472 3230 1529 3279 18
1622 3232 1683 3280 25
1714 3230 1848 3278 Rom.
1887 3231 1958 3286 11,
1991 3230 2054 3278 25
2086 3244 2159 3292 sq.

1185 3355 1205 3401 l
1244 3353 1419 3415 prodiit
1449 3353 1608 3400 DP‘G
1739 3353 1768 3401 2
1801 3351 1990 3414 adipale
2019 3353 2195 3413 scripsi
2223 3351 2408 3412 adipsal
2439 3352 2534 3402 Po
2561 3353 2706 3416 adeps
2737 3355 2786 3402 Β
2824 3361 2870 3403 et
2901 3357 2973 3418 (in
3003 3359 3109 3419 qui·

1118 3433 1207 3481 bus
1239 3439 1386 3481 antea
1416 3433 1629 3493 spatium
1661 3437 1728 3481 eet
1764 3434 1795 3480 5
1817 3433 1927 3493 sere
1958 3433 2071 3493 litt.)
2102 3431 2215 3480 DP¹
2310 3431 2359 3479 id
2392 3434 2467 3479 est
2497 3445 2587 3479 om.
2621 3431 2732 3480 DP‘
2804 3436 2834 3482 5
2867 3434 2990 3482 sient
3021 3436 3112 3482 ΒΟ

1179 3514 1253 3559 ,εἴ
1277 3511 1325 3558 P
1352 3514 1395 3568 (s
1430 3512 1571 3572 erae.)
1636 3512 1665 3559 6
1689 3511 1892 3560 fortuitu
1916 3508 2030 3560 DP‘
2094 3512 2120 3558 7
2144 3511 2279 3559 labso
2305 3511 2354 3558 P
2416 3511 2474 3558 10
2497 3513 2645 3561 tran&
2668 3511 2717 3559 in
2740 3514 2867 3560 terra
2887 3513 2929 3559 B
3024 3529 3110 3576 po·

1114 3605 1225 3638 nere
1257 3591 1305 3638 P
1336 3591 1401 3651 (re
1432 3604 1471 3640 s.
1504 3592 1573 3643 u.)
1703 3590 1882 3638 caelum
1917 3591 1979 3644 Β,
2013 3595 2135 3640 reete
2155 3595 2295 3652 puto,
2328 3590 2390 3650 cs.
2422 3605 2470 3638 u.
2496 3593 2560 3638 13
2665 3591 2722 3639 13
2755 3595 2913 3639 autem
2948 3607 3036 3640 om.
3060 3593 3111 3640 Β

1121 3670 1177 3716 14
1208 3669 1477 3715 natiuitatis
1515 3668 1557 3716 0
1584 3668 1865 3716 natiuitates
1897 3669 1992 3716 PB
2022 3669 2264 3717 uanitates
2298 3668 2410 3716 DP‘
2597 3669 2676 3717 hic
2708 3674 2754 3727 (c
2785 3673 2929 3729 eras.)
2960 3670 3010 3718 P
3039 3670 3108 3719 bii

1116 3746 1276 3794 DP¹G
1411 3747 1520 3808 nee]
1554 3747 1603 3793 in
1635 3745 1748 3794 DP‘
1863 3749 1920 3796 15
1951 3746 2053 3810 celo
2085 3747 2135 3796 P
2166 3752 2209 3804 (c
2239 3760 2278 3795 s.
2309 3747 2379 3808 u.)
2517 3762 2654 3796 cursu
2687 3748 2736 3795 P
2765 3751 2814 3809 (u
2849 3749 2934 3797 alt.
2968 3763 3027 3797 ex
3057 3752 3104 3809 o)

1119 3826 1173 3872 17
1209 3825 1416 3873 moribus
1447 3824 1585 3873 bonis
1616 3825 1665 3873 Β
1824 3824 2126 3888 derelingunt
2156 3825 2205 3873 P
2330 3825 2387 3874 18
2419 3827 2597 3873 reuersi
2630 3832 2789 3874 essent
2820 3827 2868 3874 B
2899 3831 3107 3876 reuerte-

1114 3905 1277 3950 rentur
1309 3904 1420 3952 DP‘
1550 3904 1605 3951 19
1655 3904 1799 3951 etiam
1830 3903 1923 3965 ipsi
1956 3904 1998 3951 si
2027 3904 2197 3952 nolunt
2226 3903 2338 3952 DP‘
2464 3904 2526 3953 20
2575 3905 2774 3953 istrahel
2804 3905 2853 3953 P
2884 3914 2932 3963 (e
2963 3920 3002 3954 s.
3034 3911 3105 3964 u.)

1113 3980 1201 4027 isrl
1233 3987 1314 4028 cet.
1413 3982 1473 4029 24
1505 3980 1722 4030 dominus
1756 3995 1846 4029 om.
1879 3980 1991 4029 ΒΡ·
2086 3983 2148 4030 25
2178 3995 2246 4042 sq.
2279 3979 2478 4030 istrahel
2509 3982 2558 4030 P
2586 3982 2677 4030 ier}
2708 3988 2789 4031 cet.
