4242 4694
846 549 942 606 [16
1651 548 1993 596 Ambrosii

852 736 883 776 n
920 719 1212 795 euangelio
1248 720 1365 777 ait:
1397 718 1624 777 nolite
1658 720 1926 779 timere.
1962 722 2062 778 ite
2103 721 2431 778 nuntiate
2471 717 2826 776 fratribus
2917 725 2938 774 1

846 813 1024 882 neis,
1081 815 1159 870 ut
1214 815 1378 870 eant
1433 814 1499 871 in
1559 812 1975 883 Galilaeam,
2035 817 2102 873 et
2157 814 2256 872 ibi
2305 832 2407 872 me
2456 812 2828 870 uidebunt.

846 907 888 962 >t
926 906 1069 963 infra
1107 905 1220 964 ait:
1264 906 1428 964 data
1467 909 1579 964 est
1616 907 1788 965 mihi
1829 907 2053 964 omnis
2101 910 2431 982 potestas
2480 907 2549 965 in
2600 905 2830 964 caelis

846 1003 899 1056 st
947 1000 1014 1057 in
1068 1003 1275 1070 terra,
1324 1000 1430 1059 hoc
1480 1005 1568 1059 est
1616 1002 1826 1059 dicere:
1867 1002 2089 1060 diuinae
2127 1002 2234 1060 hoc
2272 1001 2382 1059 fuit
2418 999 2832 1075 dispositionis,

846 1096 895 1151 it
934 1094 1243 1169 acciperem
1284 1098 1639 1169 potestatem,
1681 1114 1784 1154 non
1826 1096 2145 1155 acerbitatis
2185 1096 2475 1154 humanae.
2513 1111 2625 1153 non
2660 1093 2838 1153 obicit
2879 1113 2902 1147 s

846 1187 1014 1245 tcelus
1057 1188 1152 1261 qui
1194 1193 1483 1249 enumerat
1520 1190 1846 1262 praemium.
1890 1190 2040 1262 quod
2079 1194 2263 1248 autem
2298 1189 2467 1247 habet
2495 1190 2552 1246 in
2591 1187 2834 1251 Genesi:

846 1280 908 1338 td
968 1281 1190 1339 uitam
1255 1284 1434 1339 enim
1491 1284 1696 1340 misit
1751 1300 1849 1341 me
1907 1284 2075 1340 deus
2133 1286 2294 1342 ante
2350 1299 2480 1341 uos
2529 1282 2724 1341 reddit
2778 1281 2836 1340 in

846 1376 1120 1451 mangelio
1171 1376 1395 1435 dicens:
1450 1377 1700 1435 docete
1750 1395 1982 1435 omnes
2041 1382 2308 1451 gentes,
2363 1377 2836 1450 baptizantes

846 1485 946 1527 aas
988 1470 1054 1527 in
1099 1471 1375 1529 nomine
1415 1472 1645 1546 patris
1691 1484 1759 1529 et.
1789 1472 1909 1529 fili
1942 1474 2011 1529 et
2042 1472 2352 1545 spiritus
2385 1472 2658 1538 sanctia
2691 1472 2838 1530 haec

846 1562 977 1619 mim
1029 1566 1117 1621 est
1164 1581 1375 1624 merces
1426 1568 1484 1623 et
1530 1567 1649 1623 nita
1697 1570 2029 1630 sanctorum.
2079 1566 2229 1639 quod
2277 1566 2443 1624 etiam
2494 1566 2639 1624 alios
2678 1566 2840 1625 rede-
2870 1584 2909 1619 ιο

846 1660 1069 1714 nerunt.
1111 1656 1253 1716 illud
1296 1676 1515 1733 quoque
1557 1661 1782 1717 aduerte
1823 1678 1927 1719 non
1971 1661 2148 1718 otiose
2190 1660 2459 1732 scriptum
2501 1659 2556 1717 in
2592 1658 2838 1719 Genesi:

846 1753 901 1806 rt
956 1751 1100 1809 eris
1157 1769 1372 1826 prope
1429 1771 1546 1822 me,
1604 1759 1678 1810 tu
1739 1757 1807 1812 et
1860 1754 1979 1812 fili
2030 1755 2137 1812 tui
2186 1758 2256 1811 et
2300 1753 2454 1811 filii
2502 1752 2839 1812 filiorum

846 1857 1143 1911 morum:
1193 1847 1300 1905 hoc
1349 1851 1437 1905 est
1483 1847 1627 1905 enim
1670 1848 1817 1919 quod
1858 1848 1995 1904 dixit
2033 1848 2088 1905 in
2131 1847 2451 1921 euangelio:
2496 1861 2663 1905 ecce
2704 1864 2840 1923 ego

846 1938 1205 1997 iobiscum
1260 1958 1406 1999 sum
1457 1942 1778 1998 omnibus
1829 1942 2081 1999 diebus
2131 1958 2355 2015 usque
2397 1941 2476 1999 ad
2517 1957 2842 1999 consum-

846 2031 1210 2091 nationem
1255 2034 1552 2094 saeculi.
1587 2052 1751 2108 quam
1786 2035 2012 2093 euidens
2049 2052 2270 2108 quoque
2303 2033 2445 2091 illud
2477 2034 2839 2109 mysterium.
2872 2054 2916 2091 ιε

846 2125 977 2198 1u0d
1028 2128 1210 2185 ueluti
1260 2128 1516 2200 conplete
1568 2129 1716 2188 omni
1767 2128 2023 2186 mandato
2065 2130 2290 2186 fratrem
2333 2146 2496 2187 suum
2537 2129 2843 2188 Beniamin

846 2221 1187 2294 implectitur
1227 2222 1425 2296 loseph
1460 2228 1516 2279 et
1547 2223 1750 2280 cecidit
1781 2240 1948 2295 super
1979 2223 2188 2280 collum
2221 2224 2360 2291 eius,
2394 2223 2545 2281 sicut
2573 2221 2842 2296 conpleto

846 2316 1126 2391 mangelio
1143 2317 1378 2375 Paulum
1400 2316 1657 2374 Christus
1683 2317 2039 2389 amplectitur
2061 2316 2394 2390 quibusdam
2421 2315 2844 2374 misericordiae

846 2424 968 2467 suae
1012 2410 1303 2480 bracchiis,
1344 2414 1410 2468 ut
1449 2411 1662 2468 interna
1702 2411 1955 2483 opinione
1997 2416 2292 2468 curuatum
2333 2412 2493 2468 uelut
2532 2427 2564 2466 a
2594 2409 2746 2469 collo
2783 2412 2843 2468 in

846 2503 1050 2560 eaelum
1109 2505 1301 2581 erigat.
1360 2505 1503 2562 unde
1553 2509 1610 2562 et
1655 2505 1752 2562 ille
1802 2512 2019 2563 erectus
2071 2523 2103 2562 a
2152 2504 2373 2564 Christo
2422 2506 2532 2562 ait:
2583 2511 2847 2563 nostra
2874 2528 2921 2564 n

846 2601 1070 2655 autem
1114 2599 1573 2657 conuersatio
1614 2598 1680 2654 in
1725 2599 1949 2655 caelis
1993 2603 2117 2661 est.

912 2690 986 2749 Et
1017 2693 1246 2766 gauisus
1284 2695 1372 2748 est
1401 2691 1635 2760 Pharao,
1671 2691 1819 2763 quod
1851 2692 2051 2764 loseph
2087 2692 2417 2765 agnouisset
2444 2691 2644 2748 fratres
2679 2707 2843 2754 suos,

846 2786 984 2844 unde
1041 2789 1099 2844 et
1154 2787 1383 2860 uulgata
1440 2789 1528 2843 est
1580 2802 1686 2843 uox
1741 2787 1797 2842 in
1857 2786 2018 2842 domo
2074 2786 2286 2842 Pharao
2337 2787 2395 2842 et
2440 2785 2697 2844 hortatus
2747 2790 2848 2844 est

997 2934 1018 2981 1
1053 2931 1225 2981 matth.
1260 2930 1339 2988 28,
1372 2931 1430 2978 10
1555 2932 1583 2978 3
1616 2930 1788 2978 matth.
1821 2933 1898 2988 28,
1936 2930 1990 2978 18
2118 2931 2145 2976 7
2180 2929 2296 2978 Gen.
2329 2930 2405 2986 45,
2439 2932 2468 2978 5
2593 2929 2624 2978 8
2656 2929 2845 2979 matth.

846 3014 915 3069 28,
949 3012 1008 3061 19
1099 3012 1156 3060 12
1190 3009 1307 3058 Gen.
1342 3011 1418 3065 45,
1455 3009 1513 3057 10
1602 3010 1658 3057 13
1691 3009 1862 3057 Matth.
1896 3009 1970 3064 28,
2005 3009 2065 3056 20
2155 3009 2212 3056 16
2246 3008 2362 3056 Gen.
2388 3009 2465 3065 45,
2494 3009 2553 3056 14
2641 3009 2702 3055 17
2728 3009 2846 3056 Act.

846 3090 918 3146 20.
950 3092 1009 3140 :37
1104 3092 1167 3140 20
1199 3088 1404 3150 Philipp.
1438 3088 1483 3143 3,
1517 3087 1578 3134 20
1672 3088 1733 3134 22
1767 3086 1883 3135 Gen.
1915 3088 1993 3142 45,
2034 3088 2088 3134 16
2121 3101 2224 3147 sqq.

909 3190 926 3236 1
965 3184 1246 3247 euuangelio
1279 3183 1329 3230 P
1458 3184 1487 3229 2
1523 3184 1572 3229 et
1602 3196 1707 3242 exp.
1739 3184 1824 3229 ¹122
1852 3181 1911 3236 P,
1946 3195 2036 3228 om.
2068 3178 2166 3227 Do
2298 3180 2327 3227 3
2362 3178 2513 3225 omnis
2545 3178 2592 3225 Β
2625 3178 2665 3234 (i
2696 3192 2758 3226 a
2793 3184 2845 3239 e)

903 3264 1046 3313 caelis
1077 3263 1203 3312 ΒΡ”
1237 3261 1367 3311 caelo
1403 3264 1490 3307 cet.
1587 3261 1616 3306 5
1650 3259 1922 3307 acerbitatis
1956 3273 2013 3305 ex
2046 3258 2330 3304 aceruitates
2355 3258 2402 3304 P
2486 3260 2515 3304 6
2546 3255 2756 3304 habetur
2778 3257 2845 3307 ‘U‘

846 3347 916 3401 (ur
944 3360 982 3392 ι.
1015 3359 1063 3392 u.
1096 3344 1199 3400 m2)
1231 3339 1361 3389 oe‘E
1476 3339 1502 3384 7
1537 3337 1658 3384 enim
1694 3342 1899 3385 uestram
1932 3336 2062 3383 misit
2091 3335 2218 3384 21⁶¹E
2339 3335 2466 3382 redit
2496 3335 2563 3382 N‘
2690 3334 2721 3381 9
2755 3347 2847 3383 eos

846 3422 1002 3473 NVP‘
1128 3419 1215 3468 filii
1245 3417 1294 3465 Β
1328 3418 1364 3473 <i
1399 3422 1500 3465 tert.
1531 3430 1568 3463 a.
1600 3422 1671 3470 u.)
1706 3421 1788 3462 cet.
1967 3415 2023 3462 10
2056 3417 2130 3462 est
2159 3428 2198 3462 e.
2229 3429 2279 3460 u.
2319 3413 2371 3464 Ο.
2406 3427 2494 3460 om.
2528 3412 2584 3460 N
2709 3412 2847 3471 redi·

846 3528 1028 3575 morunt
1058 3524 1134 3572 P¹¹
1166 3526 1213 3569 et
1245 3527 1385 3580 (corr.
1417 3521 1518 3576 ΜΒ)
1552 3517 1706 3568 ΡῖῐὈ
1744 3486 2028 3565 redimerent
2060 3514 2106 3562 V
2190 3517 2242 3563 11
2274 3514 2383 3562 illut
2405 3514 2454 3562 Β
2544 3514 2602 3562 12
2624 3477 2768 3562 me:-
2794 3499 2871 3563 j>-

846 3606 888 3654 (ο
921 3610 966 3653 et
996 3610 1048 3651 tu
1083 3604 1183 3661 ΜΞ)
1309 3598 1378 3646 fili
1410 3598 1457 3646 B
1490 3598 1575 3645 filii
1608 3603 1691 3645 cet.
1819 3596 1906 3643 filii
1937 3610 1974 3645 ε.
2006 3610 2053 3643 u.
2086 3596 2136 3643 P
2299 3596 2356 3642 14
2389 3608 2492 3641 sum
2523 3607 2560 3643 a.
2593 3608 2643 3643 u.
2676 3596 2763 3641 ΜΒ
2794 3591 2851 3640 Ρ

904 3681 1305 3731 ‹mnmmatiouem
1337 3677 1386 3725 P
1470 3677 1527 3725 15
1559 3676 1669 3723 illut
1700 3676 1748 3722 B
1835 3677 1891 3723 16
1924 3673 2203 3736 copientitur
2234 3672 2401 3735 ioseph
2433 3672 2618 3734 (ioseph
2650 3686 2745 3719 om.
2768 3671 2846 3729 E)

846 3762 1078 3812 beniamin
1112 3759 1241 3809 91¹⁴&
1444 3757 1500 3803 18
1535 3743 1617 3817 iffi
1650 3754 1837 3815 paulum
1871 3752 1938 3799 N‘
2062 3751 2410 3800 misericordiae
2443 3750 2489 3797 Β
2522 3750 2559 3810 (i
2583 3765 2663 3811 pr.
2699 3765 2760 3797 a
2791 3755 2843 3806 e)

849 3843 904 3892 w
937 3838 1169 3889 bracchiis
1203 3836 1250 3885 B
1281 3834 1488 3883 brachiis
1522 3839 1602 3881 cet.
1778 3837 1831 3878 ut
1861 3830 1922 3877 P‘
1953 3833 2037 3877 m2
2068 3834 2118 3877 et
2146 3830 2206 3877 P·
2239 3834 2313 3877 ml
2344 3834 2426 3878 cet.
2585 3828 2759 3891 opione
2790 3828 2847 3876 B

846 3919 903 3970 20
937 3919 1080 3980 erigit
1110 3915 1287 3968 21⁶¹ED
1320 3919 1363 3961 et
1396 3914 1456 3973 (it
1489 3928 1547 3961 ex
1579 3915 1645 3973 at)
1680 3912 1784 3960 Pir
1897 3910 1954 3957 22
1988 3909 2118 3957 farao
2151 3909 2256 3959 Bw
2359 3908 2420 3957 23
2453 3906 2705 3970 diuulgata
2735 3905 2851 3955 NV

908 3998 1036 4047 {arao
1072 3996 1118 4044 B
1151 3993 1404 4056 pharaoni·
1437 3990 1565 4038 N1>¹¹
