4242 4694
1498 501 1736 564 Apologia
1755 501 1916 552 Dauid
1941 502 2092 551 altera
2109 503 2156 560 4,
2181 503 2242 551 28
2306 503 2350 565 (1
2374 502 2464 552 715
2490 502 2685 551 Ε-716
2708 501 2789 561 D).
3018 504 3131 561 375

1133 676 1285 730 tetur
1323 673 1416 732 hic
1458 674 1589 747 quia
1625 680 1784 749 pater
1823 674 1960 732 dicit
1999 674 2183 741 sede3
2225 673 2466 749 legimus
2506 673 2654 730 enim
2693 676 2752 731 et
2789 673 2923 732 alibi
2964 674 3131 732 etiam

1136 768 1252 825 sine
1293 768 1468 842 patris
1511 767 1660 826 dicto
1703 768 1896 827 sedere
1935 769 2135 838 filium,
2177 769 2327 827 sicut
2366 768 2634 842 scriptum
2678 772 2797 826 est:
2840 771 2907 825 et
2944 768 3133 826 sedet

1134 860 1209 919 ad
1274 861 1606 921 dexteram
1640 863 1778 921 dei
1854 867 1909 922 et
1982 864 2149 921 alibi:
2214 864 2441 921 amodo
2508 863 2836 921 uidebitis
2907 863 3132 921 filium

1133 957 1425 1016 hominis
1476 957 1814 1016 sedentem
1864 958 1942 1015 ad
1990 958 2321 1016 dexteram
2370 957 2490 1014 dei.
2541 957 2662 1030 ipse
2711 959 2800 1015 est
2846 956 2989 1014 enim
3039 956 3129 1014 cui

1076 1067 1100 1103 ο
1133 1051 1339 1109 dicitur
1376 1053 1557 1121 sede,
1600 1052 1696 1126 qui
1736 1051 1888 1110 filius
1921 1051 2165 1109 hominis
2198 1051 2528 1110 nominatur.
2565 1051 2723 1109 audit
2754 1051 2912 1125 quasi
2944 1051 3129 1119 homo,

1133 1145 1294 1204 sedet
1353 1147 1513 1219 quasi
1577 1145 1666 1204 dei
1720 1145 1891 1203 filius.
1949 1145 2083 1219 quid
2137 1146 2243 1203 hac
2294 1148 2485 1218 potest
2540 1145 2650 1203 dici
2704 1143 3130 1219 praecellentius

1129 1243 1425 1314 potestate,
1477 1256 1616 1313 quae
1666 1240 1834 1298 etiam
1885 1257 2102 1297 carnem
2150 1239 2390 1297 hominis
2440 1239 2509 1296 ad
2550 1239 2826 1296 dexteram
2867 1238 2956 1296 dei
2996 1255 3121 1296 con-

1129 1335 1342 1392 locauit
1403 1337 1459 1392 et
1520 1334 1802 1391 infir-mum
1866 1334 2008 1392 illud
2072 1333 2412 1392 condicionis
2477 1332 2770 1398 humanae,
2825 1334 3124 1407 postquam
3162 1334 3205 1384 Β

1129 1430 1315 1486 tamen
1354 1429 1589 1487 uerbum
1632 1446 1756 1487 caro
1798 1429 2009 1486 factum
2054 1432 2158 1496 est,
2194 1426 2475 1485 diuinitati
2509 1425 2798 1501 copulauit
2828 1429 3126 1484 aeternae?

977 1518 1049 1576 28
1064 1536 1106 1573 ιο
1132 1523 1229 1580 sed
1288 1523 1421 1597 quid
1484 1522 1591 1580 hoc
1647 1526 1776 1580 est?
1840 1526 2206 1596 posteaquam
2260 1522 2536 1579 Photinus
2602 1519 2904 1590 obmutuit,
2958 1518 3125 1577 Arius

1133 1616 1417 1685 conticuit,
1475 1616 1751 1675 Sabellius
1807 1632 2006 1675 uocem
2061 1616 2319 1690 perdidit,
2376 1615 2558 1673 adhuc
2612 1614 2884 1672 haeresim
2940 1616 3124 1671 tamen

1133 1711 1354 1769 diuersa
1401 1712 1592 1768 contra
1639 1710 1932 1771 ecclesiam
1982 1710 2310 1767 excitantem
2350 1725 2446 1767 ora
2484 1708 2787 1782 conspicio.
2828 1725 2956 1765 nam
2996 1723 3125 1765 ecce

1132 1805 1458 1863 Manicheus
1507 1805 1566 1861 et
1604 1804 2024 1862 Ualentinianus
2072 1805 2134 1861 et
2179 1805 2359 1863 omnis
2409 1802 2668 1861 diriuatio
2705 1801 3125 1861 Maniebeorum

1132 1915 1196 1956 eo
1254 1900 1367 1956 telo
1424 1897 1639 1968 nititur,
1698 1915 1807 1971 quo
1864 1898 1960 1956 alii
2005 1901 2140 1956 sunt
2182 1898 2492 1972 perempti:
2540 1897 2673 1954 fidei
2719 1896 3124 1972 praeiudicium

1054 2009 1100 2045 ιε
1130 1993 1259 2050 fidei
1288 1992 1681 2051 testificatione
1712 1993 1959 2050 molitur.
1994 1992 2074 2049 ait
2111 1993 2256 2050 enirn
2300 1991 2624 2050 detestanda
2661 1987 2939 2050 haeresis:
2979 1992 3124 2049 ‘ecce
3164 1991 3203 2042 G

1132 2087 1361 2162 negauit
1408 2086 1664 2145 Christus
1712 2085 1892 2144 filium
1941 2103 2000 2143 se
2051 2103 2174 2143 esse
2221 2085 2423 2155 Dauid,
2474 2089 2533 2143 et
2575 2085 2724 2143 ideo'
2767 2085 2950 2157 inquit
2992 2085 3124 2142 ‘cre-

1130 2180 1370 2238 dendum
1412 2183 1501 2237 est
1541 2180 1688 2253 quod
1727 2194 1836 2237 non
1877 2179 2187 2252 susceperit
2225 2180 2481 2237 carnem’.
2524 2177 2725 2252 quibus
2773 2178 3124 2253 apertissime

1129 2276 1184 2333 in
1215 2275 1338 2348 ipso
1371 2274 1642 2348 principio
1678 2273 1952 2348 euangelii
1992 2273 2270 2348 scriptura
2307 2274 2607 2346 respondet
2646 2282 2703 2330 et
2744 2272 2910 2330 dicit:
2950 2272 3123 2330 liber

1130 2367 1586 2444 generationis
1642 2367 1799 2426 Iesu
1856 2365 2111 2424 Christi
2166 2366 2303 2424 filii
2360 2366 2592 2424 Dauid.
2650 2384 2749 2424 cui·
2802 2366 2978 2442 igitur
3023 2369 3123 2423 aut

1044 2482 1104 2523 ιο,
1128 2462 1261 2520 alibi
1300 2461 1486 2519 Dauid
1521 2461 1673 2520 filius
1715 2461 1920 2519 dicitur
1958 2464 2057 2519 aut
2096 2461 2231 2518 alibi
2270 2461 2455 2518 Dauid
2494 2460 2643 2518 filius
2678 2461 2982 2535 denegatur
3011 2460 3120 2518 nisi

1121 2560 1188 2615 ut
1224 2556 1521 2630 intellegas
1562 2555 1714 2614 aliud
1754 2573 1878 2614 esse
1919 2555 2227 2614 secundum
2278 2555 2651 2613 substantiam
2700 2554 2946 2612 diuinam
2995 2571 3118 2612 esse

1121 2651 1319 2720 filium,
1361 2648 1513 2707 aliud
1553 2650 1857 2708 secundum
1899 2650 2078 2707 carnis
2128 2648 2589 2723 susceptionem?
2639 2666 2765 2706 nam
2813 2648 3116 2707 secundum

1121 2744 1492 2803 substantiam
1541 2744 1784 2801 diuinam
1834 2744 1923 2800 dei
1969 2744 2121 2801 filius
2170 2748 2274 2812 est,
2324 2743 2632 2802 secundum
2691 2759 2910 2801 carnem
2965 2742 3116 2799 filius
3143 2746 3193 2802 D

1120 2837 1321 2898 Dauid.
1376 2838 1566 2912 itaque
1623 2836 1716 2894 ubi
1783 2837 2064 2911 generatio
2130 2837 2438 2895 secundum
2504 2853 2718 2894 carnem
2785 2835 3119 2894 describitur

1041 2953 1088 2989 25
1121 2932 1437 3001 saluatoris,
1478 2930 1661 2988 Dauid
1699 2930 1850 2987 filius
1892 2930 2225 3002 nominatur,
2268 2931 2365 2989 ubi
2405 2948 2539 2989 uero
2572 2929 2861 3006 plenitudo
2903 2930 3116 2987 confes-

1121 3026 1294 3084 sionis
1336 3026 1595 3101 exigitur,
1637 3042 1763 3083 cum
1806 3024 2130 3099 designatur
2169 3026 2449 3101 generatio
2492 3026 2806 3095 saluatoris,
2849 3042 2956 3082 non
2988 3026 3117 3083 uult

1273 3220 1304 3267 2
1328 3219 1471 3268 Marc.
1499 3220 1573 3276 16,
1593 3220 1651 3268 19
1715 3219 1934 3270 suaith.
1951 3221 2028 3277 26,
2046 3221 2110 3268 64
2174 3223 2231 3270 15
2255 3221 2367 3270 Luc.
2391 3223 2469 3280 20,
2493 3223 2550 3271 41
2580 3238 2682 3284 sqq.
2756 3222 2813 3271 18
2830 3223 3004 3272 matth.
3023 3224 3064 3282 1,
3086 3224 3108 3272 1

1185 3330 1207 3377 l
1244 3329 1363 3377 dixit
1395 3328 1450 3375 N
1569 3329 1600 3377 2
1632 3329 1860 3392 scripturn
1894 3332 1972 3388 (ex
2003 3328 2203 3389 dictum)
2242 3330 2287 3378 T
2434 3334 2485 3379 et
2513 3345 2602 3380 om.
2635 3331 2690 3380 N
2813 3333 2840 3380 7
2873 3334 3112 3394 potestate

1121 3408 1194 3467 (in
1224 3410 1343 3466 ras.)
1385 3406 1431 3454 T
1551 3408 1580 3455 9
1613 3411 1687 3455 est
1719 3410 1769 3456 et
1800 3407 1896 3458 din.
1929 3408 2092 3456 DPM
2214 3409 2270 3458 11
2302 3408 2536 3458 haeresim
2573 3410 2717 3458 ΤΗΝ
2747 3410 2956 3460 haeresis
2987 3410 3112 3465 B‘P‘

1115 3484 1335 3533 haereses
1368 3490 1450 3533 cet.
1548 3485 1608 3533 12
1639 3487 1922 3534 excitantem
1961 3485 2119 3535 TNB‘
2150 3487 2407 3535 excitantes
2438 3486 2506 3534 M
2539 3489 2871 3538 exer-citantem
2902 3489 2953 3537 Β
2983 3503 3111 3537 exer-

1118 3564 1312 3611 citatem
1344 3562 1396 3610 D
1429 3562 1740 3612 exercitantes
1771 3564 1821 3611 P
1849 3565 2107 3613 exercitant
2143 3564 2200 3612 1⁷¹
2232 3565 2459 3613 exercitat
2486 3566 2549 3613 Ρ
2669 3567 2725 3615 13
2756 3568 3029 3616 manicheus
3062 3569 3118 3616 et

1115 3641 1390 3689 ualentinus
1424 3640 1793 3698 (ualentinianns
1815 3642 1886 3705 D)
1915 3642 2064 3690 ΤΗΝ
2080 3642 2353 3691 manicheos
2377 3646 2429 3692 et
2456 3643 2802 3693 ualentinianos
2823 3650 2907 3694 cet.
2972 3647 3030 3693 14
3055 3660 3110 3694 eo

1123 3718 1220 3765 TN
1249 3732 1355 3766 meo
1379 3717 1546 3766 BDM
1573 3718 1623 3766 in
1655 3733 1711 3767 eo
1744 3724 1828 3768 cet.
1938 3721 2170 3784 perempti
2200 3723 2314 3769 sunt
2334 3722 2392 3770 N
2470 3721 2529 3769 15
2562 3724 2612 3769 et
2640 3721 2751 3770 fidei
2773 3723 2835 3771 Ρ
2916 3723 2972 3771 17
3005 3738 3109 3771 sus-

1118 3795 1244 3857 cepit
1273 3794 1446 3843 B⁴PP¹
1607 3795 1664 3844 18
1696 3797 1940 3860 respondit
1970 3797 2192 3846 BPPM
2333 3800 2385 3847 et
2422 3798 2523 3848 TN
2546 3814 2651 3848 curn
2683 3805 2766 3850 cet.
2891 3802 2954 3850 20
2983 3801 3109 3849 filius

1115 3872 1260 3921 dauid
1292 3872 1466 3921 dicitnr
1496 3873 1549 3921 D
1578 3873 1705 3922 filins
1740 3873 1914 3923 dicitur
1943 3873 2088 3923 dauid
2113 3876 2169 3922 N
2196 3875 2372 3925 dicitnr
2402 3875 2547 3925 dauid
2577 3866 2704 3926 fliius
2729 3876 2855 3926 B‘P‘
2924 3880 2988 3928 24
3017 3880 3108 3927 ita·

1117 3952 1226 4013 que]
1259 3951 1409 4013 igitur
1435 3950 1548 3998 PM
