4242 4694
1147 512 1257 566 152
1972 506 2317 554 Ambrosii

1143 680 1432 755 spiritus
1466 680 1676 737 uestri
1712 713 1788 721 —
1822 683 1878 736 et
1910 679 2183 746 conuicia,
2218 696 2359 752 quae
2393 678 2553 752 quasi
2576 678 2886 736 iaculantes
2913 679 3163 753 sagittas

1142 774 1472 851 dirigebant,
1523 775 1697 832 soluit
1745 775 1945 832 omnia.
1997 774 2263 831 contriuit
2310 789 2503 830 eorum
2559 773 2880 846 potentiam,
2941 774 3043 846 qui
3103 774 3186 831 in-

1144 868 1264 926 suis
1316 868 1624 926 uirtutibus
1674 871 1732 924 et
1779 884 1885 925 non
1937 868 1992 924 in
2034 867 2137 924 deo
2180 866 2518 924 confidentes
2560 869 2734 925 erant.
2773 867 2924 924 inde
2965 868 3163 941 inquit

1145 962 1532 1036 praeualuit
1586 961 1882 1020 Istrahel
1940 979 1971 1018 a
2029 962 2146 1019 deo
2203 961 2415 1034 patris
2471 961 2590 1019 tui.
2632 963 2699 1019 et
2759 962 3029 1020 adiuuit
3094 967 3161 1020 te

1144 1056 1302 1115 deus
1344 1074 1543 1115 meus,
1575 1057 1701 1130 quis
1737 1060 1825 1113 est
1858 1057 1953 1130 qui
1987 1055 2326 1114 confortauit
2359 1054 2597 1112 Istrahel
2632 1059 2689 1113 et
2720 1056 2943 1114 adiuuit
2970 1056 3161 1114 filium
3214 1082 3238 1118 s

1142 1151 1250 1208 nisi
1293 1152 1448 1208 solus
1491 1150 1629 1208 deus
1670 1154 1847 1225 pater,
1890 1150 1985 1224 qui
2028 1149 2199 1211 dixit:
2240 1149 2439 1208 Iacob
2480 1167 2647 1224 puer
2683 1166 2888 1219 meus,
2942 1152 3161 1208 susci-

1140 1244 1313 1318 piam
1341 1261 1513 1301 eum:
1543 1243 1833 1300 Istrahel
1863 1242 2122 1300 electus
2156 1259 2356 1310 meus,
2393 1242 2728 1315 suscipiat
2759 1259 2900 1300 eum
2936 1242 3163 1302 anima
3271 1258 3285 1305 ‹

1048 1336 1324 1399 50mea‘?
1364 1340 1429 1395 et
1468 1337 1816 1395 benedixit
1856 1353 1999 1394 eum
2039 1337 2506 1394 benedictione
2548 1337 2719 1394 caeli
2761 1336 3051 1411 desuper
3094 1342 3163 1395 et

1141 1432 1619 1490 benedictione
1653 1434 1868 1490 terrae
1902 1432 2216 1489 habentis
2251 1432 2496 1497 omnim
2525 1432 2711 1489 omnis
2735 1432 2880 1489 enim
2907 1431 3164 1489 subiecit

1141 1527 1212 1592 ei,
1263 1526 1530 1584 caelestia
1576 1526 1726 1583 sicut
1771 1525 2215 1583 benedictionem
2266 1525 2407 1582 caeli
2445 1529 2504 1583 et
2542 1528 2760 1583 terrena
2799 1527 2950 1584 sicut
2986 1526 3163 1584 bene-
3191 1553 3237 1588 ιο

1140 1618 1441 1677 dictionem
1498 1622 1692 1688 terrae,
1750 1621 1816 1676 ut
1872 1623 1930 1676 et
1984 1617 2302 1675 hominibus
2360 1622 2418 1675 et
2472 1618 2688 1693 angelis
2753 1618 3160 1680 dominaretur.

1049 1711 1115 1768 51
1140 1713 1329 1787 itaque
1393 1714 1449 1771 in
1522 1713 1619 1771 illo
1691 1714 1853 1771 uelut
1924 1713 2332 1787 contemptibili
2406 1728 2630 1785 corpore
2701 1714 3159 1787 praeualuisti

1139 1807 1325 1880 inquit
1356 1809 1628 1881 propter
1657 1803 2195 1865 benedictionem
2236 1808 2511 1864 uberum
2553 1809 2618 1865 et
2658 1808 2920 1875 uuluae,
2962 1808 3159 1867 bene·

1141 1902 1476 1959 dictiones
1516 1901 1729 1976 patris
1770 1902 1873 1958 tui
1914 1904 1980 1959 et
2019 1902 2271 1959 matris,
2313 1902 2485 1959 ubera
2523 1901 2616 1959 uel
2658 1901 2769 1959 duo
2808 1905 3160 1961 testamenta
3261 1915 3285 1964 1

1141 1996 1296 2064 dixit,
1332 2012 1567 2069 quorum
1602 1996 1775 2054 altero
1810 1995 2172 2054 adnuntiatus
2207 2000 2312 2063 est,
2345 1998 2522 2054 altero
2549 1997 2964 2054 demonstratus
2988 2030 3074 2039 —
3098 2001 3160 2055 et
3190 2016 3235 2052 ιε

1138 2090 1276 2147 bene
1316 2090 1504 2158 ubera,
1548 2093 1809 2163 quoniam
1856 2089 2013 2148 uelut
2045 2092 2287 2164 quodam
2320 2107 2422 2148 nos
2456 2090 2694 2164 spiritali
2725 2090 2870 2148 lacte
2902 2090 3155 2150 nutritos

1139 2183 1403 2241 educauit
1441 2187 1495 2241 et
1538 2185 1746 2257 optulit
1786 2185 1885 2242 deo
1927 2185 2076 2241 filius
2119 2218 2194 2227 —
2234 2184 2327 2242 uel
2366 2185 2577 2243 Mariae
2610 2183 2748 2241 dicit
2778 2192 2968 2253 ubera,
3002 2202 3157 2258 quae

1136 2293 1267 2333 uere
1328 2277 1620 2335 benedicta
1684 2282 1856 2345 erant,
1925 2278 2129 2351 quibus
2197 2281 2391 2335 sancta
2452 2278 2613 2351 uirgo
2667 2277 2875 2351 populo
2932 2277 3155 2337 domini

1137 2375 1333 2444 potum
1380 2372 1547 2429 lactis
1595 2372 1871 2429 inmulsit.
1922 2373 2068 2429 unde
2119 2376 2176 2429 et
2222 2372 2322 2429 illa
2359 2372 2415 2429 in
2458 2372 2749 2447 euangelio
2789 2372 2996 2429 mulier
3034 2372 3153 2431 ait:

1137 2465 1375 2523 beatus
1416 2468 1665 2535 uenter,
1709 2466 1821 2539 qui
1863 2469 1926 2524 te
1966 2467 2283 2538 portauit,
2319 2470 2383 2523 et
2414 2466 2632 2536 ubera,
2668 2482 2831 2539 quae
2865 2466 3152 2524 suxisti!
3187 2487 3233 2522 ιο

1138 2559 1287 2631 quod
1345 2564 1530 2617 autem
1589 2561 1699 2617 ait:
1759 2561 2003 2617 uuluae
2063 2560 2594 2618 benedictionem
2650 2560 2863 2632 patris
2918 2559 3024 2618 tui
3083 2565 3157 2619 et

1294 2743 1325 2789 6
1356 2743 1482 2790 Esai.
1513 2745 1589 2801 42,
1626 2745 1648 2792 1
1779 2746 1808 2792 9
1840 2745 2011 2793 Psalm.
2047 2744 2160 2792 vm
2195 2745 2222 2790 7
2254 2745 2280 2791 I
2313 2743 2419 2792 Cor.
2456 2745 2529 2801 15,
2562 2744 2622 2790 27
2753 2745 2809 2792 19
2840 2741 2990 2805 Uerg.
3022 2743 3151 2795 Aen.

1136 2821 1204 2868 xl
1236 2821 1328 2868 572
1422 2822 1484 2870 20
1515 2822 1627 2870 Luc.
1664 2823 1737 2880 11,
1770 2824 1831 2870 27

1204 2930 1225 2977 1
1272 2930 1488 2978 conuicia
1526 2930 1731 2979 BVOT‘
1771 2931 1894 2979 uitia
1932 2931 1993 2978 P‘
2034 2932 2243 2979 conuitia
2282 2937 2365 2979 cet.
2524 2932 2554 2979 2
2595 2931 2833 2987 contrinst
2862 2931 2910 2978 P
2949 2932 2988 2994 (i
3017 2946 3058 2980 s.
3097 2937 3150 2992 a)

1202 3022 1388 3056 omnem
1421 3024 1582 3056 eorum
1623 3009 1666 3055 V
1819 3010 1848 3057 3
1882 3014 2041 3064 errant
2072 3010 2120 3057 P
2151 3014 2192 3067 (ι’-
2226 3010 2368 3069 eras.)
2524 3009 2634 3057 inde
2666 3009 2824 3071 inquit
2855 3009 2971 3071 quia
3000 3025 3150 3073 prue-

1139 3086 1292 3133 ualuit
1336 3087 1425 3134 isrl
1465 3085 1552 3134 deo
1593 3088 1743 3149 patris
1782 3088 1855 3135 tui
1897 3088 2050 3136 Ville
2090 3089 2248 3150 inquit
2289 3089 2370 3150 qui
2410 3088 2678 3150 praeualuit
2712 3104 2739 3135 a
2771 3088 2858 3136 deo
2889 3088 2983 3136 isrl
3011 3089 3151 3151 patri

1136 3167 1221 3212 tuo
1253 3162 1383 3215 §1⁰13
1470 3166 1501 3212 4
1531 3180 1598 3225 sq.
1633 3166 1831 3214 istrahel
1863 3167 1907 3228 (t
1936 3168 2081 3226 eras.)
2107 3168 2151 3213 B
2184 3168 2274 3214 ist}
2304 3172 2386 3215 cet.
2482 3168 2513 3215 4
2547 3168 2673 3215 iuuit
2702 3167 2805 3215 DT
2896 3168 2926 3214 5
2959 3167 3074 3229 quis
3098 3168 3152 3216 P

1139 3247 1181 3299 (s
1204 3256 1243 3291 s.
1268 3243 1339 3304 ιι.)
1402 3245 1429 3292 6
1465 3242 1580 3290 dens
1613 3247 1668 3305 (s.
1688 3245 1759 3307 ὶι.)
1783 3249 1920 3306 pater
1952 3247 2022 3306 (in
2058 3247 2177 3306 ras.)
2200 3246 2249 3293 P
2311 3247 2338 3293 ‘a'
2363 3245 2561 3293 istrahel
2584 3247 2628 3302 (t
2651 3245 2795 3307 eras.)
2813 3283 2823 3293 .
2843 3281 2855 3292 .
2875 3281 2887 3292 .
2904 3245 3151 3307 suscipiat

1138 3335 1247 3368 eum
1273 3335 1315 3369 s.
1347 3337 1396 3369 ιι.
1429 3326 1515 3369 m2
1543 3318 1593 3369 B
1716 3324 1971 3385 suscipiam
2003 3324 2052 3371 P
2082 3328 2122 3381 (t
2154 3340 2191 3374 s.
2225 3340 2270 3378 m
2304 3328 2405 3383 m2)
2440 3326 2668 3386 suscipiet
2693 3322 2935 3371 P‘P‘DT
2995 3325 3026 3372 9
3050 3324 3145 3373 ha-

1136 3398 1294 3461 bentis
1328 3401 1389 3456 (is
1420 3415 1480 3447 ex
1511 3402 1580 3463 es)
1611 3402 1660 3449 Β
1692 3407 1737 3449 et
1767 3406 1851 3449 m2
1881 3402 1930 3449 P
2085 3403 2144 3450 10
2167 3407 2282 3463 post
2312 3403 2539 3450 caelestia
2571 3402 2686 3450 add.
2721 3402 2965 3450 terrestria
2994 3402 3058 3450 P·
3093 3408 3148 3450 et

1137 3479 1381 3526 terrestria
1420 3478 1468 3525 V
1586 3483 1637 3528 et
1667 3482 1854 3527 terrena
1887 3481 2149 3538 (terrestria
2180 3481 2249 3539 D)
2281 3482 2408 3528 sicut
2439 3480 2815 3529 benedictionem
2846 3483 3003 3529 terrae
3034 3479 3147 3530 ΝΒ

1139 3557 1263 3605 sicut
1291 3557 1671 3606 benedictionem
1694 3562 1847 3607 terrae
1879 3560 1926 3607 V
1954 3563 2003 3607 et
2032 3564 2188 3607 terrac
2220 3565 2321 3615 cet„
2344 3560 2468 3620 sort.
2504 3564 2552 3607 et
2582 3559 2827 3607 terrestris
2847 3561 3143 3621 praeserere-

1137 3633 1265 3689 dum,
1292 3634 1354 3694 cs.
1370 3649 1423 3694 p.
1451 3638 1563 3690 155,
1587 3640 1652 3683 10
1747 3638 1803 3686 13
1835 3636 2180 3686 benedictionis
2207 3639 2394 3701 (patris)
2420 3638 2523 3686 ΒΥ
2542 3637 2898 3686 benedictiones
2923 3641 2968 3696 (s
2992 3639 3142 3701 eras.)

1136 3711 1236 3760 PD
1252 3712 1580 3761 benedictione
1605 3715 1662 3761 T¹
1680 3720 1729 3761 et
1750 3716 2106 3763 benedictiones
2136 3717 2177 3763 0
2201 3720 2395 3778 propter
2414 3716 2769 3764 benedictiones
2794 3716 2871 3763 1²¹⁴
2935 3717 2994 3764 17
3021 3717 3139 3766 edo·

1139 3790 1268 3837 cauit
1303 3793 1343 3836 R
1378 3797 1424 3845 (ο
1455 3798 1511 3839 ut
1541 3794 1737 3841 uidetur
1767 3809 1826 3841 ex
1855 3800 1904 3852 n)
1945 3794 1986 3841 O
2017 3797 2238 3842 euocauit
2279 3794 2321 3840 V
2500 3795 2678 3855 optulit
2712 3793 2809 3840 RV
2839 3793 3022 3844 obtulit
3050 3802 3138 3844 cet.

1141 3868 1198 3914 18
1230 3881 1340 3916 uere
1371 3868 1420 3916 P
1447 3873 1516 3930 (re
1548 3874 1632 3917 m2
1662 3885 1721 3918 αι·
1749 3873 1822 3932 ro)
1915 3872 2091 3933 populo
2123 3874 2179 3933 (s.
2214 3873 2409 3934 pabulo)
2441 3873 2489 3919 P
2519 3872 2705 3920 labellis
2748 3872 2793 3917 Υ
2875 3873 2934 3919 19
2965 3873 3139 3921 mulier

1138 3943 1185 3989 in
1220 3947 1467 4007 euangelio
1498 3949 1627 3997 91¹‘E
1715 3950 1771 3996 21
1810 3949 2183 3997 benedictionem
2204 3988 2214 3997 .
2235 3988 2245 3997 .
2265 3989 2275 3999 .
2296 3951 2487 3998 uuluam
2516 3949 2653 4009 infra
2688 3951 2743 3997 in
2773 3965 2861 4011 my.
2892 3954 2979 3998 ¹212
3009 3951 3056 3997 B
