<?xml version="1.0" encoding="UTF-8"?>
<!DOCTYPE html PUBLIC "-//W3C//DTD XHTML 1.0 Transitional//EN"
    "http://www.w3.org/TR/xhtml1/DTD/xhtml1-transitional.dtd">
<html xmlns="http://www.w3.org/1999/xhtml" xml:lang="en" lang="en">
 <head>
  <title>
</title>
<meta http-equiv="Content-Type" content="text/html;charset=utf-8" />
  <meta name='ocr-system' content='tesseract 3.04.00' />
  <meta name='ocr-capabilities' content='ocr_page ocr_carea ocr_par ocr_line ocrx_word'/>
</head>
<body>
  <div class='ocr_page' id='page_1' title='image "./sanctiambrosiio03petsgoog_0601.png"; bbox 0 0 4242 4694; ppageno 0'>
   <div class='ocr_carea' id='block_1_1' title="bbox 905 1576 947 1614">
    <p class='ocr_par' dir='ltr' id='par_1_1' title="bbox 905 1576 947 1614">
     <span class='ocr_line' id='line_1_1' title="bbox 905 1576 947 1614; baseline 0 0"><span class='ocrx_word' id='word_1_1' title='bbox 905 1576 947 1614; x_wconf 75' lang='grc'><strong>10</strong></span> 
     </span>
    </p>
   </div>
   <div class='ocr_carea' id='block_1_2' title="bbox 903 2048 946 2082">
    <p class='ocr_par' dir='ltr' id='par_1_2' title="bbox 903 2048 946 2082">
     <span class='ocr_line' id='line_1_2' title="bbox 903 2048 946 2082; baseline 0.023 -1"><span class='ocrx_word' id='word_1_2' title='bbox 903 2048 946 2082; x_wconf 68' lang='grc'><strong>15</strong></span> 
     </span>
    </p>
   </div>
   <div class='ocr_carea' id='block_1_3' title="bbox 1331 540 2993 604">
    <p class='ocr_par' dir='ltr' id='par_1_3' title="bbox 1331 540 2993 604">
     <span class='ocr_line' id='line_1_3' title="bbox 1331 540 2993 604; baseline 0.004 -16"><span class='ocrx_word' id='word_1_3' title='bbox 1331 540 1403 589; x_wconf 92' lang='lat' dir='ltr'><strong>De</strong></span> <span class='ocrx_word' id='word_1_4' title='bbox 1436 541 1588 589; x_wconf 80' lang='lat' dir='ltr'><strong>Tobia</strong></span> <span class='ocrx_word' id='word_1_5' title='bbox 1622 542 1696 590; x_wconf 83' lang='lat'><strong>12.</strong></span> <span class='ocrx_word' id='word_1_6' title='bbox 1732 541 1806 599; x_wconf 86' lang='grc'><strong>13,</strong></span> <span class='ocrx_word' id='word_1_7' title='bbox 1839 543 2026 592; x_wconf 79' lang='grc'><strong>42-45</strong></span> <span class='ocrx_word' id='word_1_8' title='bbox 2091 541 2135 601; x_wconf 88' lang='lat'><strong>(1</strong></span> <span class='ocrx_word' id='word_1_9' title='bbox 2167 541 2261 591; x_wconf 81' lang='lat'><strong>604</strong></span> <span class='ocrx_word' id='word_1_10' title='bbox 2293 542 2489 592; x_wconf 75' lang='lat' dir='ltr'><strong>E—ooe</strong></span> <span class='ocrx_word' id='word_1_11' title='bbox 2521 544 2598 602; x_wconf 74' lang='lat' dir='ltr'><strong>A).</strong></span> <span class='ocrx_word' id='word_1_12' title='bbox 2878 546 2993 604; x_wconf 78' lang='grc'><strong>548</strong></span> 
     </span>
    </p>
   </div>
   <div class='ocr_carea' id='block_1_4' title="bbox 977 712 3074 1732">
    <p class='ocr_par' dir='ltr' id='par_1_4' title="bbox 977 712 3074 1732">
     <span class='ocr_line' id='line_1_4' title="bbox 983 712 2993 788; baseline 0.003 -19"><span class='ocrx_word' id='word_1_13' title='bbox 983 712 1260 770; x_wconf 80' lang='lat' dir='ltr'><strong>uirescere</strong></span> <span class='ocrx_word' id='word_1_14' title='bbox 1309 713 1600 787; x_wconf 88' lang='lat' dir='ltr'><strong>incipiunt,</strong></span> <span class='ocrx_word' id='word_1_15' title='bbox 1648 717 1844 786; x_wconf 83' lang='lat' dir='ltr'><strong>postea</strong></span> <span class='ocrx_word' id='word_1_16' title='bbox 1891 714 2194 787; x_wconf 82' lang='lat' dir='ltr'><strong>pullulare:</strong></span> <span class='ocrx_word' id='word_1_17' title='bbox 2245 718 2303 772; x_wconf 90' lang='lat' dir='ltr'><strong>at</strong></span> <span class='ocrx_word' id='word_1_18' title='bbox 2349 732 2481 772; x_wconf 87' lang='lat' dir='ltr'><strong>uero</strong></span> <span class='ocrx_word' id='word_1_19' title='bbox 2534 716 2773 788; x_wconf 80' lang='lat' dir='ltr'><strong>pecunia</strong></span> <span class='ocrx_word' id='word_1_20' title='bbox 2811 717 2993 775; x_wconf 81' lang='lat' dir='ltr'><strong>faene-</strong></span> 
     </span>
     <span class='ocr_line' id='line_1_5' title="bbox 982 807 2991 883; baseline 0.002 -18"><span class='ocrx_word' id='word_1_21' title='bbox 982 807 1097 865; x_wconf 85' lang='lat' dir='ltr'><strong>bris</strong></span> <span class='ocrx_word' id='word_1_22' title='bbox 1156 808 1248 864; x_wconf 87' lang='lat' dir='ltr'><strong>uix</strong></span> <span class='ocrx_word' id='word_1_23' title='bbox 1302 808 1552 881; x_wconf 84' lang='lat' dir='ltr'><strong>plantata</strong></span> <span class='ocrx_word' id='word_1_24' title='bbox 1606 808 1717 865; x_wconf 87' lang='lat' dir='ltr'><strong>iam</strong></span> <span class='ocrx_word' id='word_1_25' title='bbox 1774 808 2034 881; x_wconf 88' lang='lat' dir='ltr'><strong>pullulat.</strong></span> <span class='ocrx_word' id='word_1_26' title='bbox 2101 809 2313 867; x_wconf 90' lang='lat' dir='ltr'><strong>semina</strong></span> <span class='ocrx_word' id='word_1_27' title='bbox 2368 811 2619 882; x_wconf 84' lang='lat' dir='ltr'><strong>tempore</strong></span> <span class='ocrx_word' id='word_1_28' title='bbox 2675 813 2991 883; x_wconf 87' lang='lat' dir='ltr'><strong>erumpunt,</strong></span> 
     </span>
     <span class='ocr_line' id='line_1_6' title="bbox 981 902 2992 977; baseline 0 -17"><span class='ocrx_word' id='word_1_29' title='bbox 981 902 1244 960; x_wconf 88' lang='lat' dir='ltr'><strong>animalia</strong></span> <span class='ocrx_word' id='word_1_30' title='bbox 1305 905 1552 976; x_wconf 86' lang='lat' dir='ltr'><strong>tempore</strong></span> <span class='ocrx_word' id='word_1_31' title='bbox 1616 903 1863 975; x_wconf 69' lang='lat' dir='ltr'><strong>pariunt,</strong></span> <span class='ocrx_word' id='word_1_32' title='bbox 1937 906 2070 961; x_wconf 90' lang='lat' dir='ltr'><strong>tem</strong></span> <span class='ocrx_word' id='word_1_33' title='bbox 2084 920 2175 977; x_wconf 89' lang='lat' dir='ltr'><strong>pu</strong></span> <span class='ocrx_word' id='word_1_34' title='bbox 2189 920 2215 961; x_wconf 90' lang='lat' dir='ltr'><strong>s</strong></span> <span class='ocrx_word' id='word_1_35' title='bbox 2301 903 2447 961; x_wconf 85' lang='lat' dir='ltr'><strong>enim</strong></span> <span class='ocrx_word' id='word_1_36' title='bbox 2522 921 2558 977; x_wconf 89' lang='lat' dir='ltr'>p</span> <span class='ocrx_word' id='word_1_37' title='bbox 2573 903 2717 961; x_wconf 87' lang='lat' dir='ltr'><strong>arie</strong></span> <span class='ocrx_word' id='word_1_38' title='bbox 2732 921 2766 961; x_wconf 95' lang='lat' dir='ltr'><strong>n</strong></span> <span class='ocrx_word' id='word_1_39' title='bbox 2781 904 2847 961; x_wconf 89' lang='lat' dir='ltr'><strong>di</strong></span> <span class='ocrx_word' id='word_1_40' title='bbox 2925 907 2992 961; x_wconf 91' lang='lat' dir='ltr'><strong>et</strong></span> 
     </span>
     <span class='ocr_line' id='line_1_7' title="bbox 981 994 2989 1072; baseline 0.001 -17"><span class='ocrx_word' id='word_1_41' title='bbox 981 1000 1262 1070; x_wconf 87' lang='lat' dir='ltr'><strong>tempus</strong></span> <span class='ocrx_word' id='word_1_42' title='bbox 1336 994 1705 1064; x_wconf 88' lang='lat' dir='ltr'><strong>moriendi,</strong></span> <span class='ocrx_word' id='word_1_43' title='bbox 1778 998 2058 1070; x_wconf 86' lang='lat' dir='ltr'><strong>tempus</strong></span> <span class='ocrx_word' id='word_1_44' title='bbox 2133 996 2511 1071; x_wconf 87' lang='lat' dir='ltr'><strong>plantandi</strong></span> <span class='ocrx_word' id='word_1_45' title='bbox 2578 1000 2646 1056; x_wconf 90' lang='lat' dir='ltr'><strong>et</strong></span> <span class='ocrx_word' id='word_1_46' title='bbox 2709 1000 2989 1072; x_wconf 87' lang='lat' dir='ltr'><strong>tempus</strong></span> 
     </span>
     <span class='ocr_line' id='line_1_8' title="bbox 981 1089 2989 1166; baseline 0.001 -19"><span class='ocrx_word' id='word_1_47' title='bbox 981 1089 1306 1148; x_wconf 86' lang='lat' dir='ltr'><strong>uellendi</strong></span> <span class='ocrx_word' id='word_1_48' title='bbox 1361 1090 1787 1163; x_wconf 88' lang='lat' dir='ltr'><strong>plantatum,</strong></span> <span class='ocrx_word' id='word_1_49' title='bbox 1840 1093 2120 1165; x_wconf 88' lang='lat' dir='ltr'><strong>tempus</strong></span> <span class='ocrx_word' id='word_1_50' title='bbox 2176 1089 2555 1150; x_wconf 80' lang='lat' dir='ltr'><strong>occidendi</strong></span> <span class='ocrx_word' id='word_1_51' title='bbox 2597 1095 2665 1149; x_wconf 89' lang='lat' dir='ltr'><strong>et</strong></span> <span class='ocrx_word' id='word_1_52' title='bbox 2703 1094 2989 1166; x_wconf 87' lang='lat' dir='ltr'><strong>tempus</strong></span> 
     </span>
     <span class='ocr_line' id='line_1_9' title="bbox 983 1183 2988 1260; baseline 0.001 -18"><span class='ocrx_word' id='word_1_53' title='bbox 983 1183 1275 1242; x_wconf 83' lang='lat' dir='ltr'><strong>sanandi</strong></span> <span class='ocrx_word' id='word_1_54' title='bbox 1319 1187 1375 1241; x_wconf 88' lang='lat' dir='ltr'><strong>et</strong></span> <span class='ocrx_word' id='word_1_55' title='bbox 1421 1184 1587 1241; x_wconf 84' lang='lat' dir='ltr'><strong>infra:</strong></span> <span class='ocrx_word' id='word_1_56' title='bbox 1641 1187 1924 1258; x_wconf 86' lang='lat' dir='ltr'><strong>tempus</strong></span> <span class='ocrx_word' id='word_1_57' title='bbox 1966 1184 2388 1260; x_wconf 87' lang='lat' dir='ltr'><strong>adquirendi</strong></span> <span class='ocrx_word' id='word_1_58' title='bbox 2429 1190 2498 1243; x_wconf 88' lang='lat' dir='ltr'><strong>et</strong></span> <span class='ocrx_word' id='word_1_59' title='bbox 2536 1189 2804 1260; x_wconf 84' lang='lat' dir='ltr'><strong>tempus</strong></span> <span class='ocrx_word' id='word_1_60' title='bbox 2844 1186 2988 1245; x_wconf 88' lang='lat' dir='ltr'><strong>red-</strong></span> 
     </span>
     <span class='ocr_line' id='line_1_10' title="bbox 981 1268 2981 1353; baseline 0.002 -17"><span class='ocrx_word' id='word_1_61' title='bbox 981 1278 1212 1347; x_wconf 90' lang='lat' dir='ltr'><strong>dendi,</strong></span> <span class='ocrx_word' id='word_1_62' title='bbox 1266 1282 1550 1352; x_wconf 88' lang='lat' dir='ltr'><strong>tempus</strong></span> <span class='ocrx_word' id='word_1_63' title='bbox 1604 1268 2070 1338; x_wconf 85' lang='lat' dir='ltr'><strong>custodiendi</strong></span> <span class='ocrx_word' id='word_1_64' title='bbox 2119 1283 2188 1337; x_wconf 89' lang='lat' dir='ltr'><strong>et</strong></span> <span class='ocrx_word' id='word_1_65' title='bbox 2234 1282 2515 1352; x_wconf 82' lang='lat' dir='ltr'><strong>tempus</strong></span> <span class='ocrx_word' id='word_1_66' title='bbox 2557 1280 2981 1353; x_wconf 85' lang='lat' dir='ltr'><strong>expellendi,</strong></span> 
     </span>
     <span class='ocr_line' id='line_1_11' title="bbox 977 1372 3074 1449; baseline 0.002 -18"><span class='ocrx_word' id='word_1_67' title='bbox 977 1375 1042 1431; x_wconf 90' lang='lat' dir='ltr'><strong>nt</strong></span> <span class='ocrx_word' id='word_1_68' title='bbox 1088 1372 1458 1431; x_wconf 83' lang='lat' dir='ltr'><strong>Ecclesiastes</strong></span> <span class='ocrx_word' id='word_1_69' title='bbox 1509 1373 1612 1446; x_wconf 76' lang='lat' dir='ltr'><strong>ait:</strong></span> <span class='ocrx_word' id='word_1_70' title='bbox 1665 1373 1904 1449; x_wconf 86' lang='lat' dir='ltr'><strong>pecunia</strong></span> <span class='ocrx_word' id='word_1_71' title='bbox 1950 1374 2223 1431; x_wconf 77' lang='lat' dir='ltr'><strong>faenebris</strong></span> <span class='ocrx_word' id='word_1_72' title='bbox 2273 1374 2439 1431; x_wconf 89' lang='lat' dir='ltr'><strong>hodie</strong></span> <span class='ocrx_word' id='word_1_73' title='bbox 2488 1375 2813 1445; x_wconf 82' lang='lat' dir='ltr'><strong>seminatur,</strong></span> <span class='ocrx_word' id='word_1_74' title='bbox 2860 1391 2982 1434; x_wconf 79' lang='lat' dir='ltr'><strong>oras</strong></span> <span class='ocrx_word' id='word_1_75' title='bbox 3028 1386 3074 1436; x_wconf 89' lang='lat' dir='ltr'>D</span> 
     </span>
     <span class='ocr_line' id='line_1_12' title="bbox 977 1467 2986 1547; baseline 0.001 -22"><span class='ocrx_word' id='word_1_76' title='bbox 977 1467 1302 1525; x_wconf 84' lang='lat' dir='ltr'><strong>fructificat:</strong></span> <span class='ocrx_word' id='word_1_77' title='bbox 1361 1483 1581 1541; x_wconf 88' lang='lat' dir='ltr'><strong>semper</strong></span> <span class='ocrx_word' id='word_1_78' title='bbox 1628 1468 1774 1541; x_wconf 84' lang='lat' dir='ltr'><strong>parit</strong></span> <span class='ocrx_word' id='word_1_79' title='bbox 1821 1471 1879 1526; x_wconf 86' lang='lat' dir='ltr'><strong>et</strong></span> <span class='ocrx_word' id='word_1_80' title='bbox 1924 1486 2228 1542; x_wconf 81' lang='lat' dir='ltr'><strong>numquam</strong></span> <span class='ocrx_word' id='word_1_81' title='bbox 2282 1468 2502 1547; x_wconf 80' lang='lat' dir='ltr'><strong>interit:</strong></span> <span class='ocrx_word' id='word_1_82' title='bbox 2559 1484 2781 1543; x_wconf 78' lang='lat' dir='ltr'><strong>semper</strong></span> <span class='ocrx_word' id='word_1_83' title='bbox 2832 1470 2986 1543; x_wconf 89' lang='lat' dir='ltr'><strong>plan-</strong></span> 
     </span>
     <span class='ocr_line' id='line_1_13' title="bbox 978 1561 2987 1637; baseline 0 -17"><span class='ocrx_word' id='word_1_84' title='bbox 978 1564 1147 1631; x_wconf 81' lang='lat' dir='ltr'><strong>tatur,</strong></span> <span class='ocrx_word' id='word_1_85' title='bbox 1199 1561 1292 1619; x_wconf 84' lang='lat' dir='ltr'><strong>uix</strong></span> <span class='ocrx_word' id='word_1_86' title='bbox 1338 1561 1617 1621; x_wconf 87' lang='lat' dir='ltr'><strong>euellitur.</strong></span> <span class='ocrx_word' id='word_1_87' title='bbox 1677 1563 1807 1620; x_wconf 86' lang='lat' dir='ltr'><strong>uult</strong></span> <span class='ocrx_word' id='word_1_88' title='bbox 1854 1579 2073 1637; x_wconf 86' lang='lat' dir='ltr'><strong>semper</strong></span> <span class='ocrx_word' id='word_1_89' title='bbox 2118 1561 2429 1621; x_wconf 87' lang='lat' dir='ltr'><strong>faenerator</strong></span> <span class='ocrx_word' id='word_1_90' title='bbox 2475 1562 2781 1636; x_wconf 83' lang='lat' dir='ltr'><strong>adquirere,</strong></span> <span class='ocrx_word' id='word_1_91' title='bbox 2828 1581 2987 1622; x_wconf 88' lang='lat' dir='ltr'><strong>num·</strong></span> 
     </span>
     <span class='ocr_line' id='line_1_14' title="bbox 979 1656 2990 1732; baseline 0.001 -19"><span class='ocrx_word' id='word_1_92' title='bbox 979 1673 1145 1729; x_wconf 90' lang='lat' dir='ltr'><strong>quam</strong></span> <span class='ocrx_word' id='word_1_93' title='bbox 1200 1656 1425 1730; x_wconf 83' lang='lat' dir='ltr'><strong>perdere</strong></span> <span class='ocrx_word' id='word_1_94' title='bbox 1437 1701 1450 1726; x_wconf 88' lang='lat'><strong>,</strong></span> <span class='ocrx_word' id='word_1_95' title='bbox 1513 1674 1817 1729; x_wconf 89' lang='lat' dir='ltr'><strong>numquam</strong></span> <span class='ocrx_word' id='word_1_96' title='bbox 1871 1657 2152 1717; x_wconf 82' lang='lat' dir='ltr'><strong>custodire</strong></span> <span class='ocrx_word' id='word_1_97' title='bbox 2199 1657 2492 1730; x_wconf 80' lang='lat' dir='ltr'><strong>pecuniam</strong></span> <span class='ocrx_word' id='word_1_98' title='bbox 2541 1675 2720 1732; x_wconf 84' lang='lat' dir='ltr'><strong>suam,</strong></span> <span class='ocrx_word' id='word_1_99' title='bbox 2770 1676 2990 1732; x_wconf 80' lang='lat' dir='ltr'><strong>semper</strong></span> 
     </span>
    </p>
   </div>
   <div class='ocr_carea' id='block_1_5' title="bbox 951 1751 2988 1829">
    <p class='ocr_par' dir='ltr' id='par_1_5' title="bbox 951 1751 2988 1829">
     <span class='ocr_line' id='line_1_15' title="bbox 951 1751 2988 1829; baseline 0.001 -21"><span class='ocrx_word' id='word_1_100' title='bbox 951 1752 1275 1825; x_wconf 82' lang='lat' dir='ltr'><strong>expellere,</strong></span> <span class='ocrx_word' id='word_1_101' title='bbox 1325 1769 1623 1825; x_wconf 87' lang='lat' dir='ltr'><strong>numquam</strong></span> <span class='ocrx_word' id='word_1_102' title='bbox 1675 1769 1886 1822; x_wconf 87' lang='lat' dir='ltr'><strong>sanare,</strong></span> <span class='ocrx_word' id='word_1_103' title='bbox 1936 1769 2157 1829; x_wconf 83' lang='lat' dir='ltr'><strong>semper</strong></span> <span class='ocrx_word' id='word_1_104' title='bbox 2203 1751 2469 1811; x_wconf 78' lang='lat' dir='ltr'><strong>occidere.</strong></span> <span class='ocrx_word' id='word_1_105' title='bbox 2528 1756 2587 1811; x_wconf 91' lang='lat' dir='ltr'><strong>et</strong></span> <span class='ocrx_word' id='word_1_106' title='bbox 2632 1753 2764 1827; x_wconf 90' lang='lat' dir='ltr'><strong>quia</strong></span> <span class='ocrx_word' id='word_1_107' title='bbox 2810 1754 2988 1811; x_wconf 86' lang='lat' dir='ltr'><strong>bonus</strong></span> 
     </span>
    </p>
   </div>
   <div class='ocr_carea' id='block_1_6' title="bbox 972 1845 3157 2958">
    <p class='ocr_par' dir='ltr' id='par_1_6' title="bbox 972 1845 3157 2958">
     <span class='ocr_line' id='line_1_16' title="bbox 978 1845 2992 1922; baseline 0.001 -20"><span class='ocrx_word' id='word_1_108' title='bbox 978 1845 1047 1902; x_wconf 88' lang='lat' dir='ltr'><strong>ad</strong></span> <span class='ocrx_word' id='word_1_109' title='bbox 1090 1845 1277 1904; x_wconf 87' lang='lat' dir='ltr'><strong>omnia</strong></span> <span class='ocrx_word' id='word_1_110' title='bbox 1314 1847 1595 1922; x_wconf 87' lang='lat' dir='ltr'><strong>magister·</strong></span> <span class='ocrx_word' id='word_1_111' title='bbox 1622 1846 1997 1905; x_wconf 84' lang='lat' dir='ltr'><strong>Ecclesiastes</strong></span> <span class='ocrx_word' id='word_1_112' title='bbox 2037 1846 2180 1905; x_wconf 88' lang='lat' dir='ltr'><strong>liber</strong></span> <span class='ocrx_word' id='word_1_113' title='bbox 2219 1849 2310 1905; x_wconf 91' lang='lat' dir='ltr'><strong>est</strong></span> <span class='ocrx_word' id='word_1_114' title='bbox 2341 1845 2678 1917; x_wconf 86' lang='lat' dir='ltr'><strong>Solomonis,</strong></span> <span class='ocrx_word' id='word_1_115' title='bbox 2710 1847 2992 1922; x_wconf 84' lang='lat' dir='ltr'><strong>paulisper</strong></span> 
     </span>
     <span class='ocr_line' id='line_1_17' title="bbox 975 1939 2987 2014; baseline 0.001 -17"><span class='ocrx_word' id='word_1_116' title='bbox 975 1939 1088 2013; x_wconf 89' lang='lat' dir='ltr'><strong>ipsi</strong></span> <span class='ocrx_word' id='word_1_117' title='bbox 1121 1941 1526 1999; x_wconf 79' lang='lat' dir='ltr'><strong>inhaereamus,</strong></span> <span class='ocrx_word' id='word_1_118' title='bbox 1560 1959 1690 2000; x_wconf 90' lang='lat' dir='ltr'><strong>non</strong></span> <span class='ocrx_word' id='word_1_119' title='bbox 1727 1941 2127 2000; x_wconf 78' lang='lat' dir='ltr'><strong>satiabitur</strong></span> <span class='ocrx_word' id='word_1_120' title='bbox 2159 1941 2343 2014; x_wconf 88' lang='lat' dir='ltr'><strong>inquit</strong></span> <span class='ocrx_word' id='word_1_121' title='bbox 2383 1941 2639 2000; x_wconf 83' lang='lat' dir='ltr'><strong>oculus</strong></span> <span class='ocrx_word' id='word_1_122' title='bbox 2679 1941 2987 2000; x_wconf 86' lang='lat' dir='ltr'><strong>uidendo</strong></span> 
     </span>
     <span class='ocr_line' id='line_1_18' title="bbox 978 2035 2989 2110; baseline 0 -18"><span class='ocrx_word' id='word_1_123' title='bbox 978 2041 1050 2092; x_wconf 88' lang='lat' dir='ltr'><strong>et</strong></span> <span class='ocrx_word' id='word_1_124' title='bbox 1087 2052 1214 2093; x_wconf 91' lang='lat' dir='ltr'><strong>non</strong></span> <span class='ocrx_word' id='word_1_125' title='bbox 1259 2037 1661 2094; x_wconf 80' lang='lat' dir='ltr'><strong>satiabitur</strong></span> <span class='ocrx_word' id='word_1_126' title='bbox 1700 2035 1896 2093; x_wconf 86' lang='lat' dir='ltr'><strong>auris</strong></span> <span class='ocrx_word' id='word_1_127' title='bbox 1939 2035 2210 2094; x_wconf 89' lang='lat' dir='ltr'><strong>auditu.</strong></span> <span class='ocrx_word' id='word_1_128' title='bbox 2253 2053 2355 2094; x_wconf 83' lang='lat' dir='ltr'><strong>nec</strong></span> <span class='ocrx_word' id='word_1_129' title='bbox 2395 2036 2708 2094; x_wconf 83' lang='lat' dir='ltr'><strong>faenerator</strong></span> <span class='ocrx_word' id='word_1_130' title='bbox 2738 2037 2989 2110; x_wconf 81' lang='lat' dir='ltr'><strong>expletur</strong></span> 
     </span>
     <span class='ocr_line' id='line_1_19' title="bbox 976 2129 3073 2204; baseline -0.001 -18"><span class='ocrx_word' id='word_1_131' title='bbox 976 2129 1297 2204; x_wconf 79' lang='lat' dir='ltr'><strong>accipiendo</strong></span> <span class='ocrx_word' id='word_1_132' title='bbox 1339 2146 1439 2188; x_wconf 82' lang='lat' dir='ltr'><strong>nec</strong></span> <span class='ocrx_word' id='word_1_133' title='bbox 1481 2130 1713 2188; x_wconf 85' lang='lat' dir='ltr'><strong>affectus</strong></span> <span class='ocrx_word' id='word_1_134' title='bbox 1756 2130 1879 2188; x_wconf 88' lang='lat' dir='ltr'><strong>eius</strong></span> <span class='ocrx_word' id='word_1_135' title='bbox 1911 2131 2189 2189; x_wconf 85' lang='lat' dir='ltr'><strong>cotidiano</strong></span> <span class='ocrx_word' id='word_1_136' title='bbox 2221 2131 2547 2189; x_wconf 87' lang='lat' dir='ltr'><strong>numerandi</strong></span> <span class='ocrx_word' id='word_1_137' title='bbox 2578 2131 2721 2189; x_wconf 87' lang='lat' dir='ltr'><strong>aeris</strong></span> <span class='ocrx_word' id='word_1_138' title='bbox 2754 2131 2989 2188; x_wconf 85' lang='lat' dir='ltr'><strong>satiatur</strong></span> <span class='ocrx_word' id='word_1_139' title='bbox 3033 2135 3073 2184; x_wconf 84' lang='grc' dir='ltr'>Ε</span> 
     </span>
     <span class='ocr_line' id='line_1_20' title="bbox 977 2224 2988 2299; baseline 0 -18"><span class='ocrx_word' id='word_1_140' title='bbox 977 2224 1191 2283; x_wconf 88' lang='lat' dir='ltr'><strong>auditu.</strong></span> <span class='ocrx_word' id='word_1_141' title='bbox 1253 2228 1310 2282; x_wconf 87' lang='lat' dir='ltr'><strong>et</strong></span> <span class='ocrx_word' id='word_1_142' title='bbox 1364 2225 1595 2282; x_wconf 86' lang='lat' dir='ltr'><strong>iterum:</strong></span> <span class='ocrx_word' id='word_1_143' title='bbox 1655 2241 1852 2283; x_wconf 89' lang='lat' dir='ltr'><strong>omne</strong></span> <span class='ocrx_word' id='word_1_144' title='bbox 1910 2224 2094 2298; x_wconf 88' lang='lat' dir='ltr'><strong>quod</strong></span> <span class='ocrx_word' id='word_1_145' title='bbox 2148 2225 2295 2284; x_wconf 81' lang='lat' dir='ltr'><strong>fuit</strong></span> <span class='ocrx_word' id='word_1_146' title='bbox 2348 2226 2577 2299; x_wconf 88' lang='lat' dir='ltr'><strong>ipsum</strong></span> <span class='ocrx_word' id='word_1_147' title='bbox 2638 2228 2749 2282; x_wconf 89' lang='lat' dir='ltr'><strong>est</strong></span> <span class='ocrx_word' id='word_1_148' title='bbox 2804 2225 2988 2299; x_wconf 84' lang='lat' dir='ltr'><strong>quod</strong></span> 
     </span>
     <span class='ocr_line' id='line_1_21' title="bbox 976 2318 2988 2393; baseline 0.001 -18"><span class='ocrx_word' id='word_1_149' title='bbox 976 2318 1130 2376; x_wconf 87' lang='lat' dir='ltr'><strong>erit.</strong></span> <span class='ocrx_word' id='word_1_150' title='bbox 1192 2319 1394 2376; x_wconf 83' lang='lat' dir='ltr'><strong>crescit</strong></span> <span class='ocrx_word' id='word_1_151' title='bbox 1448 2336 1667 2393; x_wconf 88' lang='lat' dir='ltr'><strong>semper</strong></span> <span class='ocrx_word' id='word_1_152' title='bbox 1720 2318 1975 2392; x_wconf 82' lang='lat' dir='ltr'><strong>pecunia,</strong></span> <span class='ocrx_word' id='word_1_153' title='bbox 2034 2320 2213 2377; x_wconf 83' lang='lat' dir='ltr'><strong>otium</strong></span> <span class='ocrx_word' id='word_1_154' title='bbox 2270 2320 2451 2378; x_wconf 86' lang='lat' dir='ltr'><strong>nescit</strong></span> <span class='ocrx_word' id='word_1_155' title='bbox 2506 2320 2759 2389; x_wconf 86' lang='lat' dir='ltr'><strong>auaritia,</strong></span> <span class='ocrx_word' id='word_1_156' title='bbox 2815 2337 2988 2377; x_wconf 88' lang='lat' dir='ltr'><strong>usura</strong></span> 
     </span>
     <span class='ocr_line' id='line_1_22' title="bbox 976 2412 2986 2486; baseline 0 -17"><span class='ocrx_word' id='word_1_157' title='bbox 976 2412 1159 2469; x_wconf 83' lang='lat' dir='ltr'><strong>ferias.</strong></span> <span class='ocrx_word' id='word_1_158' title='bbox 1227 2429 1464 2471; x_wconf 86' lang='lat' dir='ltr'><strong>omnes</strong></span> <span class='ocrx_word' id='word_1_159' title='bbox 1529 2413 1713 2486; x_wconf 92' lang='lat' dir='ltr'><strong>inquit</strong></span> <span class='ocrx_word' id='word_1_160' title='bbox 1776 2416 2141 2471; x_wconf 87' lang='lat' dir='ltr'><strong>torrentes</strong></span> <span class='ocrx_word' id='word_1_161' title='bbox 2206 2413 2482 2471; x_wconf 88' lang='lat' dir='ltr'><strong>uadunt</strong></span> <span class='ocrx_word' id='word_1_162' title='bbox 2542 2413 2610 2471; x_wconf 90' lang='lat' dir='ltr'><strong>in</strong></span> <span class='ocrx_word' id='word_1_163' title='bbox 2675 2430 2860 2471; x_wconf 87' lang='lat' dir='ltr'><strong>mare</strong></span> <span class='ocrx_word' id='word_1_164' title='bbox 2917 2416 2986 2471; x_wconf 89' lang='lat' dir='ltr'><strong>et</strong></span> 
     </span>
     <span class='ocr_line' id='line_1_23' title="bbox 975 2507 3157 2580; baseline 0.002 -16"><span class='ocrx_word' id='word_1_165' title='bbox 975 2523 1163 2565; x_wconf 88' lang='lat' dir='ltr'><strong>mare</strong></span> <span class='ocrx_word' id='word_1_166' title='bbox 1204 2524 1334 2566; x_wconf 92' lang='lat' dir='ltr'><strong>non</strong></span> <span class='ocrx_word' id='word_1_167' title='bbox 1377 2507 1834 2580; x_wconf 84' lang='lat' dir='ltr'><strong>adimpletur.</strong></span> <span class='ocrx_word' id='word_1_168' title='bbox 1874 2524 2025 2565; x_wconf 90' lang='lat' dir='ltr'><strong>mare</strong></span> <span class='ocrx_word' id='word_1_169' title='bbox 2057 2507 2210 2565; x_wconf 81' lang='lat' dir='ltr'><strong>istud</strong></span> <span class='ocrx_word' id='word_1_170' title='bbox 2242 2508 2556 2566; x_wconf 82' lang='lat' dir='ltr'><strong>faenerator</strong></span> <span class='ocrx_word' id='word_1_171' title='bbox 2587 2511 2696 2575; x_wconf 81' lang='lat' dir='ltr'><strong>est3</strong></span> <span class='ocrx_word' id='word_1_172' title='bbox 2733 2508 2982 2565; x_wconf 90' lang='lat' dir='ltr'><strong>omnium</strong></span> <span class='ocrx_word' id='word_1_173' title='bbox 2998 2522 3091 2570; x_wconf 83' lang='grc'><strong>606</strong></span> <span class='ocrx_word' id='word_1_174' title='bbox 3115 2521 3157 2569; x_wconf 83' lang='grc' dir='ltr'><strong>Α</strong></span> 
     </span>
     <span class='ocr_line' id='line_1_24' title="bbox 972 2601 2983 2676; baseline 0 -18"><span class='ocrx_word' id='word_1_175' title='bbox 972 2601 1310 2674; x_wconf 87' lang='lat' dir='ltr'><strong>patrimonia</strong></span> <span class='ocrx_word' id='word_1_176' title='bbox 1363 2605 1649 2674; x_wconf 88' lang='lat' dir='ltr'><strong>tamquam</strong></span> <span class='ocrx_word' id='word_1_177' title='bbox 1697 2602 1904 2660; x_wconf 86' lang='lat' dir='ltr'><strong>fluctus</strong></span> <span class='ocrx_word' id='word_1_178' title='bbox 1953 2601 2215 2660; x_wconf 84' lang='lat' dir='ltr'><strong>absorbet</strong></span> <span class='ocrx_word' id='word_1_179' title='bbox 2262 2605 2319 2660; x_wconf 86' lang='lat' dir='ltr'><strong>et</strong></span> <span class='ocrx_word' id='word_1_180' title='bbox 2365 2603 2487 2676; x_wconf 87' lang='lat' dir='ltr'><strong>ipse</strong></span> <span class='ocrx_word' id='word_1_181' title='bbox 2533 2603 2716 2660; x_wconf 80' lang='lat' dir='ltr'><strong>nescit</strong></span> <span class='ocrx_word' id='word_1_182' title='bbox 2761 2603 2983 2676; x_wconf 85' lang='lat' dir='ltr'><strong>expleri.</strong></span> 
     </span>
     <span class='ocr_line' id='line_1_25' title="bbox 974 2694 2982 2770; baseline 0.002 -19"><span class='ocrx_word' id='word_1_183' title='bbox 974 2694 1113 2753; x_wconf 84' lang='lat' dir='ltr'><strong>mari</strong></span> <span class='ocrx_word' id='word_1_184' title='bbox 1153 2699 1340 2752; x_wconf 86' lang='lat' dir='ltr'><strong>tamen</strong></span> <span class='ocrx_word' id='word_1_185' title='bbox 1380 2695 1632 2767; x_wconf 89' lang='lat' dir='ltr'><strong>plerique</strong></span> <span class='ocrx_word' id='word_1_186' title='bbox 1672 2698 1907 2754; x_wconf 84' lang='lat' dir='ltr'><strong>utuntur</strong></span> <span class='ocrx_word' id='word_1_187' title='bbox 1947 2696 2017 2754; x_wconf 86' lang='lat' dir='ltr'><strong>ad</strong></span> <span class='ocrx_word' id='word_1_188' title='bbox 2066 2699 2382 2770; x_wconf 86' lang='lat' dir='ltr'><strong>quaestum,</strong></span> <span class='ocrx_word' id='word_1_189' title='bbox 2430 2696 2771 2755; x_wconf 77' lang='lat' dir='ltr'><strong>faenerator-e</strong></span> <span class='ocrx_word' id='word_1_190' title='bbox 2819 2712 2982 2755; x_wconf 90' lang='lat' dir='ltr'><strong>nemo</strong></span> 
     </span>
     <span class='ocr_line' id='line_1_26' title="bbox 975 2787 2982 2862; baseline 0.001 -18"><span class='ocrx_word' id='word_1_191' title='bbox 975 2788 1154 2846; x_wconf 90' lang='lat' dir='ltr'><strong>utitur</strong></span> <span class='ocrx_word' id='word_1_192' title='bbox 1200 2787 1309 2846; x_wconf 86' lang='lat' dir='ltr'><strong>nisi</strong></span> <span class='ocrx_word' id='word_1_193' title='bbox 1361 2787 1432 2845; x_wconf 87' lang='lat' dir='ltr'><strong>ad</strong></span> <span class='ocrx_word' id='word_1_194' title='bbox 1487 2787 1866 2862; x_wconf 88' lang='lat' dir='ltr'><strong>dispendium:</strong></span> <span class='ocrx_word' id='word_1_195' title='bbox 1927 2789 2046 2848; x_wconf 85' lang='lat' dir='ltr'><strong>illio</strong></span> <span class='ocrx_word' id='word_1_196' title='bbox 2100 2789 2406 2849; x_wconf 80' lang='lat' dir='ltr'><strong>multorum</strong></span> <span class='ocrx_word' id='word_1_197' title='bbox 2464 2789 2817 2848; x_wconf 75' lang='lat' dir='ltr'><strong>commodum</strong></span> <span class='ocrx_word' id='word_1_198' title='bbox 2877 2792 2982 2859; x_wconf 85' lang='lat' dir='ltr'><strong>est,</strong></span> 
     </span>
     <span class='ocr_line' id='line_1_27' title="bbox 972 2883 2980 2958; baseline 0.001 -19"><span class='ocrx_word' id='word_1_199' title='bbox 972 2883 1062 2941; x_wconf 81' lang='lat' dir='ltr'><strong>hic</strong></span> <span class='ocrx_word' id='word_1_200' title='bbox 1103 2883 1490 2941; x_wconf 89' lang='lat' dir='ltr'><strong>uniuersorum</strong></span> <span class='ocrx_word' id='word_1_201' title='bbox 1533 2883 1901 2957; x_wconf 83' lang='lat' dir='ltr'><strong>naufragium.</strong></span> <span class='ocrx_word' id='word_1_202' title='bbox 1943 2883 2122 2940; x_wconf 86' lang='lat' dir='ltr'><strong>multa</strong></span> <span class='ocrx_word' id='word_1_203' title='bbox 2161 2887 2295 2941; x_wconf 84' lang='lat' dir='ltr'><strong>sunt</strong></span> <span class='ocrx_word' id='word_1_204' title='bbox 2335 2883 2653 2953; x_wconf 85' lang='lat' dir='ltr'><strong>animantia,</strong></span> <span class='ocrx_word' id='word_1_205' title='bbox 2694 2899 2836 2958; x_wconf 89' lang='lat' dir='ltr'><strong>quae</strong></span> <span class='ocrx_word' id='word_1_206' title='bbox 2868 2883 2980 2941; x_wconf 83' lang='lat' dir='ltr'><strong>cito</strong></span> 
     </span>
    </p>
   </div>
   <div class='ocr_carea' id='block_1_7' title="bbox 976 3114 2977 3263">
    <p class='ocr_par' dir='ltr' id='par_1_7' title="bbox 976 3114 2977 3263">
     <span class='ocr_line' id='line_1_28' title="bbox 1129 3114 2977 3190; baseline 0 -12"><span class='ocrx_word' id='word_1_207' title='bbox 1129 3130 1159 3178; x_wconf 82' lang='lat'><strong>3</strong></span> <span class='ocrx_word' id='word_1_208' title='bbox 1192 3128 1307 3178; x_wconf 75' lang='lat' dir='ltr'><strong>Eocl</strong></span> <span class='ocrx_word' id='word_1_209' title='bbox 1355 3129 1401 3187; x_wconf 79' lang='lat'><strong>3,</strong></span> <span class='ocrx_word' id='word_1_210' title='bbox 1433 3130 1464 3176; x_wconf 85' lang='lat'>2</span> <span class='ocrx_word' id='word_1_211' title='bbox 1496 3143 1567 3190; x_wconf 68' lang='lat' dir='ltr'><strong>sq.</strong></span> <span class='ocrx_word' id='word_1_212' title='bbox 1680 3114 1717 3176; x_wconf 83' lang='lat' dir='ltr'><strong>&#39;e</strong></span> <span class='ocrx_word' id='word_1_213' title='bbox 1750 3126 1959 3184; x_wconf 63' lang='lat' dir='ltr'><strong>necis,</strong></span> <span class='ocrx_word' id='word_1_214' title='bbox 1992 3129 2022 3176; x_wconf 80' lang='lat' dir='ltr'><strong>e</strong></span> <span class='ocrx_word' id='word_1_215' title='bbox 2145 3129 2202 3175; x_wconf 82' lang='lat'><strong>14</strong></span> <span class='ocrx_word' id='word_1_216' title='bbox 2236 3126 2364 3180; x_wconf 73' lang='lat' dir='ltr'><strong>13ch</strong></span> <span class='ocrx_word' id='word_1_217' title='bbox 2403 3130 2446 3186; x_wconf 85' lang='lat'><strong>1,</strong></span> <span class='ocrx_word' id='word_1_218' title='bbox 2479 3128 2510 3177; x_wconf 90' lang='lat'>8</span> <span class='ocrx_word' id='word_1_219' title='bbox 2624 3131 2681 3179; x_wconf 85' lang='lat'><strong>17</strong></span> <span class='ocrx_word' id='word_1_220' title='bbox 2716 3130 2842 3181; x_wconf 71' lang='lat' dir='ltr'><strong>noel.</strong></span> <span class='ocrx_word' id='word_1_221' title='bbox 2879 3131 2922 3187; x_wconf 89' lang='lat'><strong>1,</strong></span> <span class='ocrx_word' id='word_1_222' title='bbox 2948 3130 2977 3178; x_wconf 86' lang='lat'>9</span> 
     </span>
     <span class='ocr_line' id='line_1_29' title="bbox 976 3202 2113 3263; baseline -0.004 -8"><span class='ocrx_word' id='word_1_223' title='bbox 976 3207 1033 3255; x_wconf 84' lang='lat'><strong>19</strong></span> <span class='ocrx_word' id='word_1_224' title='bbox 1066 3206 1191 3256; x_wconf 72' lang='lat' dir='ltr'><strong>noel.</strong></span> <span class='ocrx_word' id='word_1_225' title='bbox 1228 3209 1271 3263; x_wconf 92' lang='lat'><strong>1,</strong></span> <span class='ocrx_word' id='word_1_226' title='bbox 1305 3207 1332 3254; x_wconf 83' lang='lat'><strong>7</strong></span> <span class='ocrx_word' id='word_1_227' title='bbox 1428 3207 1491 3253; x_wconf 82' lang='lat'><strong>24</strong></span> <span class='ocrx_word' id='word_1_228' title='bbox 1520 3205 1632 3254; x_wconf 69' lang='lat' dir='ltr'><strong>Bas.</strong></span> <span class='ocrx_word' id='word_1_229' title='bbox 1666 3205 1760 3252; x_wconf 80' lang='lat'><strong>276</strong></span> <span class='ocrx_word' id='word_1_230' title='bbox 1796 3202 1834 3251; x_wconf 80' lang='lat' dir='ltr'>A</span> <span class='ocrx_word' id='word_1_231' title='bbox 1869 3205 1976 3263; x_wconf 88' lang='grc' dir='ltr'>(ιιι</span> <span class='ocrx_word' id='word_1_232' title='bbox 2012 3202 2113 3263; x_wconf 77' lang='lat' dir='ltr'><strong>nc&gt;</strong></span> 
     </span>
    </p>
   </div>
   <div class='ocr_carea' id='block_1_8' title="bbox 968 3358 2981 4048">
    <p class='ocr_par' dir='ltr' id='par_1_8' title="bbox 972 3358 2981 3503">
     <span class='ocr_line' id='line_1_30' title="bbox 1037 3358 2976 3426; baseline 0 -15"><span class='ocrx_word' id='word_1_233' title='bbox 1037 3362 1059 3410; x_wconf 95' lang='lat'>1</span> <span class='ocrx_word' id='word_1_234' title='bbox 1095 3361 1320 3410; x_wconf 74' lang='lat' dir='ltr'><strong>uix-iecere</strong></span> <span class='ocrx_word' id='word_1_235' title='bbox 1352 3360 1401 3407; x_wconf 90' lang='lat' dir='ltr'><strong><em>P</em></strong></span> <span class='ocrx_word' id='word_1_236' title='bbox 1509 3360 1569 3407; x_wconf 86' lang='lat' dir='ltr'><strong>ad</strong></span> <span class='ocrx_word' id='word_1_237' title='bbox 1600 3359 1650 3407; x_wconf 91' lang='lat' dir='ltr'><strong><em>P</em></strong></span> <span class='ocrx_word' id='word_1_238' title='bbox 1679 3362 1777 3421; x_wconf 80' lang='lat' dir='ltr'><strong>atq.</strong></span> <span class='ocrx_word' id='word_1_239' title='bbox 1810 3361 1874 3421; x_wconf 89' lang='lat' dir='ltr'><strong>(q.</strong></span> <span class='ocrx_word' id='word_1_240' title='bbox 1910 3358 2021 3419; x_wconf 73' lang='lat' dir='ltr'><strong>del.)</strong></span> <span class='ocrx_word' id='word_1_241' title='bbox 2063 3359 2110 3407; x_wconf 85' lang='lat' dir='ltr'><strong><em>V</em></strong></span> <span class='ocrx_word' id='word_1_242' title='bbox 2222 3360 2426 3420; x_wconf 85' lang='lat' dir='ltr'><strong>pecunia</strong></span> <span class='ocrx_word' id='word_1_243' title='bbox 2455 3361 2512 3409; x_wconf 72' lang='lat' dir='ltr'><strong>in</strong></span> <span class='ocrx_word' id='word_1_244' title='bbox 2541 3376 2643 3410; x_wconf 75' lang='lat' dir='ltr'><strong>ras.</strong></span> <span class='ocrx_word' id='word_1_245' title='bbox 2675 3366 2760 3410; x_wconf 68' lang='lat'><strong>¹1⁸3</strong></span> <span class='ocrx_word' id='word_1_246' title='bbox 2797 3362 2843 3410; x_wconf 84' lang='lat' dir='ltr'><em>T</em></span> <span class='ocrx_word' id='word_1_247' title='bbox 2869 3377 2976 3426; x_wconf 84' lang='lat' dir='ltr'><strong>pre·</strong></span> 
     </span>
     <span class='ocr_line' id='line_1_31' title="bbox 972 3436 2981 3503; baseline 0 -14"><span class='ocrx_word' id='word_1_248' title='bbox 972 3441 1111 3489; x_wconf 81' lang='lat' dir='ltr'><strong>conia</strong></span> <span class='ocrx_word' id='word_1_249' title='bbox 1142 3441 1188 3489; x_wconf 88' lang='lat' dir='ltr'><em>B</em></span> <span class='ocrx_word' id='word_1_250' title='bbox 1377 3438 1591 3487; x_wconf 82' lang='lat' dir='ltr'><strong>funebris</strong></span> <span class='ocrx_word' id='word_1_251' title='bbox 1632 3437 1780 3494; x_wconf 70' lang='lat' dir='ltr'><strong>T·(⁸&#39;n</strong></span> <span class='ocrx_word' id='word_1_252' title='bbox 1809 3452 1911 3486; x_wconf 74' lang='lat' dir='ltr'><strong>ras.</strong></span> <span class='ocrx_word' id='word_1_253' title='bbox 1944 3441 2045 3497; x_wconf 69' lang='lat'><strong>¹¹13)</strong></span> <span class='ocrx_word' id='word_1_254' title='bbox 2083 3437 2125 3485; x_wconf 84' lang='lat' dir='ltr'><em>C</em></span> <span class='ocrx_word' id='word_1_255' title='bbox 2152 3436 2331 3487; x_wconf 79' lang='lat' dir='ltr'><strong>fenoris</strong></span> <span class='ocrx_word' id='word_1_256' title='bbox 2361 3438 2475 3486; x_wconf 80' lang='grc' dir='ltr'><strong>ΒΡ·</strong></span> <span class='ocrx_word' id='word_1_257' title='bbox 2633 3441 2663 3488; x_wconf 84' lang='grc'><strong>2</strong></span> <span class='ocrx_word' id='word_1_258' title='bbox 2693 3441 2901 3503; x_wconf 75' lang='lat' dir='ltr'><strong>pullulat</strong></span> <span class='ocrx_word' id='word_1_259' title='bbox 2931 3441 2981 3490; x_wconf 90' lang='lat' dir='ltr'><em>P</em></span> 
     </span>
    </p>

    <p class='ocr_par' dir='ltr' id='par_1_9' title="bbox 968 3515 2980 4048">
     <span class='ocr_line' id='line_1_32' title="bbox 1030 3515 2977 3582; baseline -0.001 -13"><span class='ocrx_word' id='word_1_260' title='bbox 1030 3522 1244 3582; x_wconf 84' lang='lat' dir='ltr'><strong>tempore</strong></span> <span class='ocrx_word' id='word_1_261' title='bbox 1295 3520 1342 3575; x_wconf 86' lang='lat' dir='ltr'><strong>(e</strong></span> <span class='ocrx_word' id='word_1_262' title='bbox 1379 3516 1434 3564; x_wconf 74' lang='lat' dir='ltr'><strong>in</strong></span> <span class='ocrx_word' id='word_1_263' title='bbox 1473 3530 1573 3564; x_wconf 75' lang='lat' dir='ltr'><strong>ras.</strong></span> <span class='ocrx_word' id='word_1_264' title='bbox 1615 3520 1649 3564; x_wconf 83' lang='lat'><em>2</em></span> <span class='ocrx_word' id='word_1_265' title='bbox 1689 3517 1801 3574; x_wconf 75' lang='lat' dir='ltr'><strong>litt.)</strong></span> <span class='ocrx_word' id='word_1_266' title='bbox 1851 3516 1897 3564; x_wconf 80' lang='lat' dir='ltr'><em>T</em></span> <span class='ocrx_word' id='word_1_267' title='bbox 1937 3519 2204 3578; x_wconf 86' lang='lat' dir='ltr'><strong>temporum</strong></span> <span class='ocrx_word' id='word_1_268' title='bbox 2237 3515 2286 3564; x_wconf 88' lang='lat' dir='ltr'><strong><em>B</em></strong></span> <span class='ocrx_word' id='word_1_269' title='bbox 2506 3518 2536 3564; x_wconf 81' lang='lat'><strong>5</strong></span> <span class='ocrx_word' id='word_1_270' title='bbox 2584 3517 2824 3567; x_wconf 86' lang='lat' dir='ltr'><strong>euellendi</strong></span> <span class='ocrx_word' id='word_1_271' title='bbox 2863 3518 2977 3567; x_wconf 88' lang='lat' dir='ltr'><strong>DP‘</strong></span> 
     </span>
     <span class='ocr_line' id='line_1_33' title="bbox 970 3592 2980 3657; baseline -0.001 -10"><span class='ocrx_word' id='word_1_272' title='bbox 970 3599 1001 3647; x_wconf 83' lang='lat'><strong>6</strong></span> <span class='ocrx_word' id='word_1_273' title='bbox 1032 3595 1282 3657; x_wconf 86' lang='lat' dir='ltr'><strong>reddendi]</strong></span> <span class='ocrx_word' id='word_1_274' title='bbox 1313 3594 1544 3657; x_wconf 83' lang='lat' dir='ltr'><strong>perdendi</strong></span> <span class='ocrx_word' id='word_1_275' title='bbox 1584 3593 1632 3641; x_wconf 83' lang='lat' dir='ltr'><strong><em>V</em></strong></span> <span class='ocrx_word' id='word_1_276' title='bbox 1783 3595 1811 3646; x_wconf 75' lang='grc'><strong>7</strong></span> <span class='ocrx_word' id='word_1_277' title='bbox 1845 3592 2143 3642; x_wconf 80' lang='lat' dir='ltr'><strong>costodiendi</strong></span> <span class='ocrx_word' id='word_1_278' title='bbox 2174 3594 2223 3642; x_wconf 89' lang='lat' dir='ltr'><em>P</em></span> <span class='ocrx_word' id='word_1_279' title='bbox 2364 3593 2395 3642; x_wconf 85' lang='lat'>8</span> <span class='ocrx_word' id='word_1_280' title='bbox 2428 3593 2640 3642; x_wconf 72' lang='lat' dir='ltr'><strong>funebris</strong></span> <span class='ocrx_word' id='word_1_281' title='bbox 2676 3600 2725 3653; x_wconf 91' lang='lat' dir='ltr'><strong>(u</strong></span> <span class='ocrx_word' id='word_1_282' title='bbox 2759 3611 2818 3644; x_wconf 64' lang='lat' dir='ltr'><strong><em>a</em></strong></span> <span class='ocrx_word' id='word_1_283' title='bbox 2849 3601 2895 3656; x_wconf 86' lang='lat' dir='ltr'><strong>e)</strong></span> <span class='ocrx_word' id='word_1_284' title='bbox 2934 3598 2980 3645; x_wconf 83' lang='lat' dir='ltr'><em>T</em></span> 
     </span>
     <span class='ocr_line' id='line_1_34' title="bbox 969 3671 2973 3736; baseline -0 -11"><span class='ocrx_word' id='word_1_285' title='bbox 969 3677 1146 3725; x_wconf 81' lang='lat' dir='ltr'><strong>fenoris</strong></span> <span class='ocrx_word' id='word_1_286' title='bbox 1177 3673 1337 3723; x_wconf 76' lang='lat' dir='ltr'><strong><em>DP‘G</em></strong></span> <span class='ocrx_word' id='word_1_287' title='bbox 1427 3674 1457 3721; x_wconf 90' lang='grc'>9</span> <span class='ocrx_word' id='word_1_288' title='bbox 1492 3674 1768 3736; x_wconf 77' lang='lat' dir='ltr'><strong>plantantur</strong></span> <span class='ocrx_word' id='word_1_289' title='bbox 1807 3672 1854 3721; x_wconf 84' lang='lat' dir='ltr'><strong><em>V</em></strong></span> <span class='ocrx_word' id='word_1_290' title='bbox 1948 3673 2001 3721; x_wconf 88' lang='lat'><strong>11</strong></span> <span class='ocrx_word' id='word_1_291' title='bbox 2039 3671 2272 3721; x_wconf 75' lang='lat' dir='ltr'><strong>custodire</strong></span> <span class='ocrx_word' id='word_1_292' title='bbox 2296 3673 2346 3721; x_wconf 89' lang='lat' dir='ltr'><em>P</em></span> <span class='ocrx_word' id='word_1_293' title='bbox 2375 3673 2498 3734; x_wconf 73' lang='lat' dir='ltr'><strong>(fere</strong></span> <span class='ocrx_word' id='word_1_294' title='bbox 2525 3679 2722 3735; x_wconf 77' lang='lat' dir='ltr'><strong>semper)</strong></span> <span class='ocrx_word' id='word_1_295' title='bbox 2813 3676 2871 3724; x_wconf 87' lang='lat'><strong>12</strong></span> <span class='ocrx_word' id='word_1_296' title='bbox 2896 3691 2973 3724; x_wconf 81' lang='lat' dir='ltr'><strong>ex-</strong></span> 
     </span>
     <span class='ocr_line' id='line_1_35' title="bbox 969 3750 2974 3817; baseline 0 -15"><span class='ocrx_word' id='word_1_297' title='bbox 969 3756 1098 3817; x_wconf 85' lang='lat' dir='ltr'><strong>plere</strong></span> <span class='ocrx_word' id='word_1_298' title='bbox 1130 3752 1244 3801; x_wconf 78' lang='lat' dir='ltr'><strong>DP‘</strong></span> <span class='ocrx_word' id='word_1_299' title='bbox 1374 3753 1430 3801; x_wconf 88' lang='lat'><strong>13</strong></span> <span class='ocrx_word' id='word_1_300' title='bbox 1464 3752 1720 3799; x_wconf 87' lang='lat' dir='ltr'><strong>solomonis</strong></span> <span class='ocrx_word' id='word_1_301' title='bbox 1753 3750 1803 3798; x_wconf 88' lang='lat' dir='ltr'><strong><em>P</em></strong></span> <span class='ocrx_word' id='word_1_302' title='bbox 1830 3751 2063 3801; x_wconf 70' lang='lat' dir='ltr'><strong>salomoni</strong></span> <span class='ocrx_word' id='word_1_303' title='bbox 2094 3752 2154 3799; x_wconf 80' lang='lat' dir='ltr'><strong>P‘</strong></span> <span class='ocrx_word' id='word_1_304' title='bbox 2188 3752 2444 3800; x_wconf 86' lang='lat' dir='ltr'><strong>salomonis</strong></span> <span class='ocrx_word' id='word_1_305' title='bbox 2476 3757 2559 3800; x_wconf 70' lang='lat' dir='ltr'><strong>cet.</strong></span> <span class='ocrx_word' id='word_1_306' title='bbox 2698 3754 2757 3801; x_wconf 79' lang='lat'><strong>14</strong></span> <span class='ocrx_word' id='word_1_307' title='bbox 2788 3757 2974 3802; x_wconf 85' lang='lat' dir='ltr'><strong>satura·</strong></span> 
     </span>
     <span class='ocr_line' id='line_1_36' title="bbox 968 3830 2973 3889; baseline 0 -9"><span class='ocrx_word' id='word_1_308' title='bbox 968 3833 1102 3881; x_wconf 86' lang='lat' dir='ltr'><strong>bitur</strong></span> <span class='ocrx_word' id='word_1_309' title='bbox 1141 3832 1186 3880; x_wconf 88' lang='lat' dir='ltr'><em>V</em></span> <span class='ocrx_word' id='word_1_310' title='bbox 1261 3832 1319 3880; x_wconf 90' lang='lat'><strong>18</strong></span> <span class='ocrx_word' id='word_1_311' title='bbox 1352 3832 1502 3879; x_wconf 84' lang='lat' dir='ltr'><strong>otium</strong></span> <span class='ocrx_word' id='word_1_312' title='bbox 1545 3830 1631 3876; x_wconf 82' lang='lat' dir='ltr'><strong>Vc</strong></span> <span class='ocrx_word' id='word_1_313' title='bbox 1661 3831 1866 3878; x_wconf 85' lang='lat' dir='ltr'><strong>otiosum</strong></span> <span class='ocrx_word' id='word_1_314' title='bbox 1903 3830 1949 3877; x_wconf 88' lang='lat' dir='ltr'><em>T</em></span> <span class='ocrx_word' id='word_1_315' title='bbox 1980 3830 2099 3888; x_wconf 81' lang='lat' dir='ltr'><strong>(otio</strong></span> <span class='ocrx_word' id='word_1_316' title='bbox 2132 3833 2228 3887; x_wconf 64' lang='grc' dir='ltr'><strong>ΜΒ,</strong></span> <span class='ocrx_word' id='word_1_317' title='bbox 2263 3832 2414 3879; x_wconf 87' lang='lat' dir='ltr'><strong>otium</strong></span> <span class='ocrx_word' id='word_1_318' title='bbox 2447 3834 2549 3889; x_wconf 64' lang='lat'><strong>0⁸3)</strong></span> <span class='ocrx_word' id='word_1_319' title='bbox 2583 3837 2665 3879; x_wconf 74' lang='lat' dir='ltr'><strong>cet.</strong></span> <span class='ocrx_word' id='word_1_320' title='bbox 2758 3832 2816 3880; x_wconf 90' lang='grc'><strong>19</strong></span> <span class='ocrx_word' id='word_1_321' title='bbox 2843 3847 2973 3881; x_wconf 83' lang='lat' dir='ltr'><strong>ereas</strong></span> 
     </span>
     <span class='ocr_line' id='line_1_37' title="bbox 968 3908 2973 3971; baseline -0 -10"><span class='ocrx_word' id='word_1_322' title='bbox 968 3912 1083 3961; x_wconf 82' lang='lat' dir='ltr'><strong>DP‘</strong></span> <span class='ocrx_word' id='word_1_323' title='bbox 1210 3924 1372 3958; x_wconf 83' lang='lat' dir='ltr'><strong>omnes</strong></span> <span class='ocrx_word' id='word_1_324' title='bbox 1405 3911 1474 3971; x_wconf 81' lang='lat' dir='ltr'><strong>(es</strong></span> <span class='ocrx_word' id='word_1_325' title='bbox 1508 3923 1565 3956; x_wconf 75' lang='lat' dir='ltr'><strong>ex</strong></span> <span class='ocrx_word' id='word_1_326' title='bbox 1594 3909 1656 3967; x_wconf 84' lang='lat' dir='ltr'><strong>is)</strong></span> <span class='ocrx_word' id='word_1_327' title='bbox 1681 3908 1730 3956; x_wconf 88' lang='lat' dir='ltr'><strong><em>P</em></strong></span> <span class='ocrx_word' id='word_1_328' title='bbox 1851 3910 2090 3955; x_wconf 78' lang='lat' dir='ltr'><strong>torrentes</strong></span> <span class='ocrx_word' id='word_1_329' title='bbox 2124 3912 2194 3967; x_wconf 78' lang='lat' dir='ltr'><strong>(es</strong></span> <span class='ocrx_word' id='word_1_330' title='bbox 2226 3923 2286 3958; x_wconf 68' lang='lat' dir='ltr'><strong>ex</strong></span> <span class='ocrx_word' id='word_1_331' title='bbox 2316 3910 2377 3968; x_wconf 82' lang='lat' dir='ltr'><strong>is)</strong></span> <span class='ocrx_word' id='word_1_332' title='bbox 2405 3909 2454 3957; x_wconf 90' lang='lat' dir='ltr'><em>P</em></span> <span class='ocrx_word' id='word_1_333' title='bbox 2574 3911 2622 3957; x_wconf 87' lang='lat' dir='ltr'><strong>in</strong></span> <span class='ocrx_word' id='word_1_334' title='bbox 2657 3925 2785 3959; x_wconf 86' lang='lat' dir='ltr'><strong>mare</strong></span> <span class='ocrx_word' id='word_1_335' title='bbox 2809 3924 2899 3960; x_wconf 77' lang='lat' dir='ltr'><strong>om,</strong></span> <span class='ocrx_word' id='word_1_336' title='bbox 2925 3912 2973 3960; x_wconf 89' lang='lat' dir='ltr'><strong><em>B</em></strong></span> 
     </span>
     <span class='ocr_line' id='line_1_38' title="bbox 968 3985 2015 4048; baseline -0.007 -8"><span class='ocrx_word' id='word_1_337' title='bbox 968 3992 1033 4040; x_wconf 79' lang='lat'><strong>20</strong></span> <span class='ocrx_word' id='word_1_338' title='bbox 1065 3989 1226 4038; x_wconf 84' lang='lat' dir='ltr'><strong>omniu</strong></span> <span class='ocrx_word' id='word_1_339' title='bbox 1263 3993 1312 4048; x_wconf 80' lang='lat' dir='ltr'><strong>(u</strong></span> <span class='ocrx_word' id='word_1_340' title='bbox 1337 4001 1402 4042; x_wconf 16' lang='lat' dir='ltr'><strong>,ex</strong></span> <span class='ocrx_word' id='word_1_341' title='bbox 1435 3990 1481 4046; x_wconf 87' lang='lat' dir='ltr'><strong>a)</strong></span> <span class='ocrx_word' id='word_1_342' title='bbox 1515 3986 1569 4034; x_wconf 90' lang='lat' dir='ltr'><em>D</em></span> <span class='ocrx_word' id='word_1_343' title='bbox 1663 3987 1724 4035; x_wconf 82' lang='lat'><strong>22</strong></span> <span class='ocrx_word' id='word_1_344' title='bbox 1757 3986 1935 4033; x_wconf 83' lang='lat' dir='ltr'><strong>utimur</strong></span> <span class='ocrx_word' id='word_1_345' title='bbox 1965 3985 2015 4033; x_wconf 88' lang='grc' dir='ltr'><strong><em>Β</em></strong></span> 
     </span>
    </p>
   </div>
  </div>
 </body>
</html>
