<?xml version="1.0" encoding="UTF-8"?>
<!DOCTYPE html PUBLIC "-//W3C//DTD XHTML 1.0 Transitional//EN"
    "http://www.w3.org/TR/xhtml1/DTD/xhtml1-transitional.dtd">
<html xmlns="http://www.w3.org/1999/xhtml" xml:lang="en" lang="en">
 <head>
  <title>
</title>
<meta http-equiv="Content-Type" content="text/html;charset=utf-8" />
  <meta name='ocr-system' content='tesseract 3.04.00' />
  <meta name='ocr-capabilities' content='ocr_page ocr_carea ocr_par ocr_line ocrx_word'/>
</head>
<body>
  <div class='ocr_page' id='page_1' title='image "./sanctiambrosiio03petsgoog_0348.png"; bbox 0 0 4242 4694; ppageno 0'>
   <div class='ocr_carea' id='block_1_1' title="bbox 1201 519 2384 580">
    <p class='ocr_par' dir='ltr' id='par_1_1' title="bbox 1201 519 2384 580">
     <span class='ocr_line' id='line_1_1' title="bbox 1201 519 2384 580; baseline -0.008 -1"><span class='ocrx_word' id='word_1_1' title='bbox 1201 522 1316 580; x_wconf 84' lang='lat'><strong>290</strong></span> <span class='ocrx_word' id='word_1_2' title='bbox 2040 519 2384 569; x_wconf 69' lang='lat' dir='ltr'><strong>Ambrosii</strong></span> 
     </span>
    </p>
   </div>
   <div class='ocr_carea' id='block_1_2' title="bbox 1049 692 3258 2935">
    <p class='ocr_par' dir='ltr' id='par_1_2' title="bbox 1198 692 3258 1991">
     <span class='ocr_line' id='line_1_2' title="bbox 1199 692 3182 770; baseline 0.001 -19"><span class='ocrx_word' id='word_1_3' title='bbox 1199 692 1343 768; x_wconf 85' lang='lat' dir='ltr'><strong>cipio</strong></span> <span class='ocrx_word' id='word_1_4' title='bbox 1384 695 1443 750; x_wconf 91' lang='lat' dir='ltr'><strong>et</strong></span> <span class='ocrx_word' id='word_1_5' title='bbox 1478 692 1758 752; x_wconf 81' lang='lat' dir='ltr'><strong>doctrinae</strong></span> <span class='ocrx_word' id='word_1_6' title='bbox 1800 692 2066 767; x_wconf 79' lang='lat' dir='ltr'><strong>spiritalis</strong></span> <span class='ocrx_word' id='word_1_7' title='bbox 2116 692 2369 750; x_wconf 78' lang='lat' dir='ltr'><strong>diruatur</strong></span> <span class='ocrx_word' id='word_1_8' title='bbox 2412 693 2686 770; x_wconf 83' lang='lat' dir='ltr'><strong>ingressu.</strong></span> <span class='ocrx_word' id='word_1_9' title='bbox 2735 692 3002 753; x_wconf 79' lang='lat' dir='ltr'><strong>fundatus</strong></span> <span class='ocrx_word' id='word_1_10' title='bbox 3051 694 3182 753; x_wconf 87' lang='lat' dir='ltr'><strong>enim</strong></span> 
     </span>
     <span class='ocr_line' id='line_1_3' title="bbox 1198 786 3185 862; baseline 0.002 -17"><span class='ocrx_word' id='word_1_11' title='bbox 1198 804 1305 847; x_wconf 76' lang='lat' dir='ltr'><strong>usu</strong></span> <span class='ocrx_word' id='word_1_12' title='bbox 1353 790 1520 862; x_wconf 77' lang='lat' dir='ltr'><strong>atque</strong></span> <span class='ocrx_word' id='word_1_13' title='bbox 1566 788 1951 846; x_wconf 72' lang='lat' dir='ltr'><strong>exercitatione</strong></span> <span class='ocrx_word' id='word_1_14' title='bbox 1998 786 2305 845; x_wconf 85' lang='lat' dir='ltr'><strong>immobilis</strong></span> <span class='ocrx_word' id='word_1_15' title='bbox 2352 791 2674 861; x_wconf 84' lang='lat' dir='ltr'><strong>perseuerat</strong></span> <span class='ocrx_word' id='word_1_16' title='bbox 2719 804 2818 847; x_wconf 91' lang='lat' dir='ltr'><strong>nec</strong></span> <span class='ocrx_word' id='word_1_17' title='bbox 2865 788 3055 848; x_wconf 90' lang='lat' dir='ltr'><strong>locum</strong></span> <span class='ocrx_word' id='word_1_18' title='bbox 3102 789 3185 848; x_wconf 70' lang='lat' dir='ltr'><strong>dat</strong></span> 
     </span>
     <span class='ocr_line' id='line_1_4' title="bbox 1199 881 3183 959; baseline 0.001 -19"><span class='ocrx_word' id='word_1_19' title='bbox 1199 882 1249 940; x_wconf 90' lang='lat' dir='ltr'><strong>ei</strong></span> <span class='ocrx_word' id='word_1_20' title='bbox 1299 882 1396 956; x_wconf 89' lang='lat' dir='ltr'><strong>qui</strong></span> <span class='ocrx_word' id='word_1_21' title='bbox 1441 882 1499 940; x_wconf 90' lang='lat' dir='ltr'><strong>in</strong></span> <span class='ocrx_word' id='word_1_22' title='bbox 1547 899 1829 940; x_wconf 79' lang='lat' dir='ltr'><strong>summum</strong></span> <span class='ocrx_word' id='word_1_23' title='bbox 1880 881 2041 956; x_wconf 77' lang='lat' dir='ltr'><strong>quasi</strong></span> <span class='ocrx_word' id='word_1_24' title='bbox 2089 881 2485 958; x_wconf 75' lang='lat' dir='ltr'><strong>transfigurans</strong></span> <span class='ocrx_word' id='word_1_25' title='bbox 2535 899 2594 940; x_wconf 83' lang='lat' dir='ltr'><strong>ee</strong></span> <span class='ocrx_word' id='word_1_26' title='bbox 2643 883 2700 940; x_wconf 90' lang='lat' dir='ltr'><strong>in</strong></span> <span class='ocrx_word' id='word_1_27' title='bbox 2749 883 3016 959; x_wconf 77' lang='lat' dir='ltr'><strong>angelum</strong></span> <span class='ocrx_word' id='word_1_28' title='bbox 3053 883 3183 943; x_wconf 74' lang='lat' dir='ltr'><strong>lucit</strong></span> 
     </span>
     <span class='ocr_line' id='line_1_5' title="bbox 1199 976 3184 1053; baseline 0.001 -18"><span class='ocrx_word' id='word_1_29' title='bbox 1199 979 1430 1036; x_wconf 76' lang='lat' dir='ltr'><strong>conetur</strong></span> <span class='ocrx_word' id='word_1_30' title='bbox 1483 977 1795 1035; x_wconf 77' lang='lat' dir='ltr'><strong>ascendere.</strong></span> <span class='ocrx_word' id='word_1_31' title='bbox 1850 976 1947 1051; x_wconf 91' lang='lat' dir='ltr'><strong>qui</strong></span> <span class='ocrx_word' id='word_1_32' title='bbox 2002 976 2054 1035; x_wconf 82' lang='lat' dir='ltr'><strong>ei</strong></span> <span class='ocrx_word' id='word_1_33' title='bbox 2106 976 2164 1035; x_wconf 90' lang='lat' dir='ltr'><strong>in</strong></span> <span class='ocrx_word' id='word_1_34' title='bbox 2220 977 2380 1035; x_wconf 82' lang='lat' dir='ltr'><strong>nobie</strong></span> <span class='ocrx_word' id='word_1_35' title='bbox 2438 995 2540 1036; x_wconf 78' lang='lat' dir='ltr'><strong>sua</strong></span> <span class='ocrx_word' id='word_1_36' title='bbox 2594 977 2754 1053; x_wconf 79' lang='lat' dir='ltr'><strong>signa</strong></span> <span class='ocrx_word' id='word_1_37' title='bbox 2807 995 2918 1036; x_wconf 91' lang='lat' dir='ltr'><strong>non</strong></span> <span class='ocrx_word' id='word_1_38' title='bbox 2974 977 3184 1047; x_wconf 87' lang='lat' dir='ltr'><strong>uiderit,</strong></span> 
     </span>
     <span class='ocr_line' id='line_1_6' title="bbox 1200 1068 3242 1148; baseline -0 -19"><span class='ocrx_word' id='word_1_39' title='bbox 1200 1071 1582 1130; x_wconf 82' lang='lat' dir='ltr'><strong>auctoritatem</strong></span> <span class='ocrx_word' id='word_1_40' title='bbox 1637 1070 1934 1129; x_wconf 78' lang='lat' dir='ltr'><strong>resistendi</strong></span> <span class='ocrx_word' id='word_1_41' title='bbox 1986 1068 2187 1128; x_wconf 78' lang='lat' dir='ltr'><strong>habere</strong></span> <span class='ocrx_word' id='word_1_42' title='bbox 2242 1086 2349 1128; x_wconf 89' lang='lat' dir='ltr'><strong>non</strong></span> <span class='ocrx_word' id='word_1_43' title='bbox 2405 1071 2626 1146; x_wconf 87' lang='lat' dir='ltr'><strong>poterit.</strong></span> <span class='ocrx_word' id='word_1_44' title='bbox 2676 1088 2808 1147; x_wconf 87' lang='lat' dir='ltr'><strong>ergo</strong></span> <span class='ocrx_word' id='word_1_45' title='bbox 2856 1089 2927 1131; x_wconf 86' lang='lat' dir='ltr'><strong>ne</strong></span> <span class='ocrx_word' id='word_1_46' title='bbox 2974 1071 3189 1148; x_wconf 58' lang='lat' dir='ltr'><strong>adfligant</strong></span> <span class='ocrx_word' id='word_1_47' title='bbox 3223 1089 3242 1128; x_wconf 77' lang='grc' dir='ltr'>ι</span> 
     </span>
     <span class='ocr_line' id='line_1_7' title="bbox 1199 1164 3188 1241; baseline 0 -16"><span class='ocrx_word' id='word_1_48' title='bbox 1199 1182 1301 1225; x_wconf 81' lang='lat' dir='ltr'><strong>noe</strong></span> <span class='ocrx_word' id='word_1_49' title='bbox 1340 1164 1617 1233; x_wconf 75' lang='lat' dir='ltr'><strong>inimicu8‚</strong></span> <span class='ocrx_word' id='word_1_50' title='bbox 1659 1181 1726 1222; x_wconf 91' lang='lat' dir='ltr'><strong>ne</strong></span> <span class='ocrx_word' id='word_1_51' title='bbox 1766 1180 1898 1223; x_wconf 75' lang='lat' dir='ltr'><strong>osea</strong></span> <span class='ocrx_word' id='word_1_52' title='bbox 1934 1166 2124 1222; x_wconf 78' lang='lat' dir='ltr'><strong>nostra</strong></span> <span class='ocrx_word' id='word_1_53' title='bbox 2163 1164 2489 1240; x_wconf 82' lang='lat' dir='ltr'><strong>confringat,</strong></span> <span class='ocrx_word' id='word_1_54' title='bbox 2523 1183 2632 1223; x_wconf 92' lang='lat' dir='ltr'><strong>non</strong></span> <span class='ocrx_word' id='word_1_55' title='bbox 2664 1164 2992 1225; x_wconf 72' lang='lat' dir='ltr'><strong>deficiamus</strong></span> <span class='ocrx_word' id='word_1_56' title='bbox 3020 1182 3188 1241; x_wconf 73' lang='lat' dir='ltr'><strong>peme-</strong></span> 
     </span>
     <span class='ocr_line' id='line_1_8' title="bbox 1203 1258 3189 1328; baseline -0.001 -11"><span class='ocrx_word' id='word_1_57' title='bbox 1203 1276 1393 1318; x_wconf 82' lang='lat' dir='ltr'><strong>uerare</strong></span> <span class='ocrx_word' id='word_1_58' title='bbox 1449 1259 1506 1316; x_wconf 92' lang='lat' dir='ltr'><strong>in</strong></span> <span class='ocrx_word' id='word_1_59' title='bbox 1563 1258 1803 1328; x_wconf 83' lang='lat' dir='ltr'><strong>Christo,</strong></span> <span class='ocrx_word' id='word_1_60' title='bbox 1859 1261 1926 1316; x_wconf 90' lang='lat' dir='ltr'><strong>ut</strong></span> <span class='ocrx_word' id='word_1_61' title='bbox 1980 1258 2130 1316; x_wconf 82' lang='lat' dir='ltr'><strong>dicat</strong></span> <span class='ocrx_word' id='word_1_62' title='bbox 2185 1259 2253 1316; x_wconf 88' lang='lat' dir='ltr'><strong>de</strong></span> <span class='ocrx_word' id='word_1_63' title='bbox 2307 1259 2501 1317; x_wconf 82' lang='lat' dir='ltr'><strong>nobie:</strong></span> <span class='ocrx_word' id='word_1_64' title='bbox 2558 1258 2876 1317; x_wconf 87' lang='lat' dir='ltr'><strong>triduum</strong></span> <span class='ocrx_word' id='word_1_65' title='bbox 2940 1258 3189 1318; x_wconf 71' lang='lat' dir='ltr'><strong>habent</strong></span> 
     </span>
     <span class='ocr_line' id='line_1_9' title="bbox 1203 1352 3186 1427; baseline 0 -17"><span class='ocrx_word' id='word_1_66' title='bbox 1203 1353 1384 1427; x_wconf 90' lang='lat' dir='ltr'><strong>quod</strong></span> <span class='ocrx_word' id='word_1_67' title='bbox 1422 1356 1895 1427; x_wconf 82' lang='lat' dir='ltr'><strong>perseuerant</strong></span> <span class='ocrx_word' id='word_1_68' title='bbox 1931 1369 2222 1420; x_wconf 85' lang='lat' dir='ltr'><strong>mecum,</strong></span> <span class='ocrx_word' id='word_1_69' title='bbox 2257 1355 2323 1410; x_wconf 85' lang='lat' dir='ltr'><strong>et</strong></span> <span class='ocrx_word' id='word_1_70' title='bbox 2358 1353 2723 1410; x_wconf 81' lang='lat' dir='ltr'><strong>dimittere</strong></span> <span class='ocrx_word' id='word_1_71' title='bbox 2756 1369 2879 1410; x_wconf 78' lang='lat' dir='ltr'><strong>eos</strong></span> <span class='ocrx_word' id='word_1_72' title='bbox 2911 1352 3186 1411; x_wconf 72' lang='lat' dir='ltr'><strong>ieiunos</strong></span> 
     </span>
     <span class='ocr_line' id='line_1_10' title="bbox 1202 1445 3189 1523; baseline 0.001 -19"><span class='ocrx_word' id='word_1_73' title='bbox 1202 1448 1384 1517; x_wconf 86' lang='lat' dir='ltr'><strong>nolo,</strong></span> <span class='ocrx_word' id='word_1_74' title='bbox 1426 1464 1505 1505; x_wconf 88' lang='lat' dir='ltr'><strong>ne</strong></span> <span class='ocrx_word' id='word_1_75' title='bbox 1547 1446 1900 1523; x_wconf 72' lang='lat' dir='ltr'><strong>deficiant</strong></span> <span class='ocrx_word' id='word_1_76' title='bbox 1936 1446 2005 1504; x_wconf 90' lang='lat' dir='ltr'><strong>in</strong></span> <span class='ocrx_word' id='word_1_77' title='bbox 2046 1446 2180 1504; x_wconf 84' lang='lat' dir='ltr'><strong>uia.</strong></span> <span class='ocrx_word' id='word_1_78' title='bbox 2224 1447 2440 1515; x_wconf 75' lang='lat' dir='ltr'><strong>beatus,</strong></span> <span class='ocrx_word' id='word_1_79' title='bbox 2482 1448 2573 1504; x_wconf 90' lang='lat' dir='ltr'><strong>cui</strong></span> <span class='ocrx_word' id='word_1_80' title='bbox 2613 1447 2733 1521; x_wconf 82' lang='lat' dir='ltr'><strong>ipse</strong></span> <span class='ocrx_word' id='word_1_81' title='bbox 2766 1446 2953 1504; x_wconf 73' lang='lat' dir='ltr'><strong>cordis</strong></span> <span class='ocrx_word' id='word_1_82' title='bbox 2988 1445 3189 1505; x_wconf 78' lang='lat' dir='ltr'><strong>dederit</strong></span> 
     </span>
     <span class='ocr_line' id='line_1_11' title="bbox 1200 1539 3258 1615; baseline -0.002 -16"><span class='ocrx_word' id='word_1_83' title='bbox 1200 1540 1628 1610; x_wconf 78' lang='lat' dir='ltr'><strong>firmamentum,</strong></span> <span class='ocrx_word' id='word_1_84' title='bbox 1677 1543 1742 1598; x_wconf 90' lang='lat' dir='ltr'><strong>ut</strong></span> <span class='ocrx_word' id='word_1_85' title='bbox 1789 1539 2017 1598; x_wconf 86' lang='lat' dir='ltr'><strong>deficere</strong></span> <span class='ocrx_word' id='word_1_86' title='bbox 2066 1557 2172 1598; x_wconf 93' lang='lat' dir='ltr'><strong>non</strong></span> <span class='ocrx_word' id='word_1_87' title='bbox 2220 1541 2402 1615; x_wconf 75' lang='lat' dir='ltr'><strong>possit</strong></span> <span class='ocrx_word' id='word_1_88' title='bbox 2446 1541 2504 1598; x_wconf 91' lang='lat' dir='ltr'><strong>in</strong></span> <span class='ocrx_word' id='word_1_89' title='bbox 2550 1540 2717 1598; x_wconf 80' lang='lat' dir='ltr'><strong>istius</strong></span> <span class='ocrx_word' id='word_1_90' title='bbox 2765 1540 2922 1599; x_wconf 77' lang='lat' dir='ltr'><strong>uitae</strong></span> <span class='ocrx_word' id='word_1_91' title='bbox 2974 1539 3258 1600; x_wconf 72' lang='lat' dir='ltr'><strong>tramite-ni</strong></span> 
     </span>
     <span class='ocr_line' id='line_1_12' title="bbox 1204 1633 3188 1708; baseline -0.001 -14"><span class='ocrx_word' id='word_1_92' title='bbox 1204 1635 1560 1694; x_wconf 80' lang='lat' dir='ltr'><strong>constitutus,</strong></span> <span class='ocrx_word' id='word_1_93' title='bbox 1607 1652 1711 1694; x_wconf 90' lang='lat' dir='ltr'><strong>non</strong></span> <span class='ocrx_word' id='word_1_94' title='bbox 1755 1633 1941 1693; x_wconf 88' lang='lat' dir='ltr'><strong>deficit</strong></span> <span class='ocrx_word' id='word_1_95' title='bbox 1980 1634 2076 1708; x_wconf 88' lang='lat' dir='ltr'><strong>qui</strong></span> <span class='ocrx_word' id='word_1_96' title='bbox 2118 1636 2306 1708; x_wconf 77' lang='lat' dir='ltr'><strong>eperat</strong></span> <span class='ocrx_word' id='word_1_97' title='bbox 2343 1634 2399 1691; x_wconf 93' lang='lat' dir='ltr'><strong>in</strong></span> <span class='ocrx_word' id='word_1_98' title='bbox 2441 1634 2660 1693; x_wconf 91' lang='lat' dir='ltr'><strong>domino</strong></span> <span class='ocrx_word' id='word_1_99' title='bbox 2702 1636 2871 1708; x_wconf 76' lang='lat' dir='ltr'><strong>atque</strong></span> <span class='ocrx_word' id='word_1_100' title='bbox 2911 1635 2965 1693; x_wconf 88' lang='lat' dir='ltr'><strong>ei</strong></span> <span class='ocrx_word' id='word_1_101' title='bbox 3005 1634 3188 1694; x_wconf 84' lang='lat' dir='ltr'><strong>intimo</strong></span> 
     </span>
     <span class='ocr_line' id='line_1_13' title="bbox 1204 1726 3190 1804; baseline -0.001 -17"><span class='ocrx_word' id='word_1_102' title='bbox 1204 1729 1496 1788; x_wconf 86' lang='lat' dir='ltr'><strong>confitetur</strong></span> <span class='ocrx_word' id='word_1_103' title='bbox 1540 1729 1760 1799; x_wconf 81' lang='lat' dir='ltr'><strong>affectu,</strong></span> <span class='ocrx_word' id='word_1_104' title='bbox 1802 1727 2250 1803; x_wconf 83' lang='lat' dir='ltr'><strong>quandoquidem</strong></span> <span class='ocrx_word' id='word_1_105' title='bbox 2290 1729 2461 1787; x_wconf 83' lang='lat' dir='ltr'><strong>etiam</strong></span> <span class='ocrx_word' id='word_1_106' title='bbox 2502 1745 2671 1802; x_wconf 80' lang='lat' dir='ltr'><strong>eques</strong></span> <span class='ocrx_word' id='word_1_107' title='bbox 2711 1729 2825 1797; x_wconf 81' lang='lat' dir='ltr'><strong>ille,</strong></span> <span class='ocrx_word' id='word_1_108' title='bbox 2869 1729 3038 1788; x_wconf 80' lang='lat' dir='ltr'><strong>cuius</strong></span> <span class='ocrx_word' id='word_1_109' title='bbox 3077 1726 3190 1804; x_wconf 82' lang='lat' dir='ltr'><strong>equi</strong></span> 
     </span>
     <span class='ocr_line' id='line_1_14' title="bbox 1204 1822 3190 1898; baseline -0.001 -17"><span class='ocrx_word' id='word_1_110' title='bbox 1204 1824 1520 1883; x_wconf 73' lang='lat' dir='ltr'><strong>calcaneum</strong></span> <span class='ocrx_word' id='word_1_111' title='bbox 1587 1840 1811 1898; x_wconf 80' lang='lat' dir='ltr'><strong>serpens</strong></span> <span class='ocrx_word' id='word_1_112' title='bbox 1873 1822 2189 1892; x_wconf 83' lang='lat' dir='ltr'><strong>momordit,</strong></span> <span class='ocrx_word' id='word_1_113' title='bbox 2254 1823 2363 1880; x_wconf 80' lang='lat' dir='ltr'><strong>etsi</strong></span> <span class='ocrx_word' id='word_1_114' title='bbox 2423 1824 2569 1880; x_wconf 89' lang='lat' dir='ltr'><strong>retro</strong></span> <span class='ocrx_word' id='word_1_115' title='bbox 2642 1823 2860 1892; x_wconf 80' lang='lat' dir='ltr'><strong>cecidit,</strong></span> <span class='ocrx_word' id='word_1_116' title='bbox 2935 1822 3190 1898; x_wconf 73' lang='lat' dir='ltr'><strong>deceptu·</strong></span> 
     </span>
     <span class='ocr_line' id='line_1_15' title="bbox 1203 1917 2840 1991; baseline 0.001 -17"><span class='ocrx_word' id='word_1_117' title='bbox 1203 1919 1389 1977; x_wconf 81' lang='lat' dir='ltr'><strong>tamen</strong></span> <span class='ocrx_word' id='word_1_118' title='bbox 1429 1935 1539 1976; x_wconf 91' lang='lat' dir='ltr'><strong>non</strong></span> <span class='ocrx_word' id='word_1_119' title='bbox 1579 1920 1684 1987; x_wconf 81' lang='lat' dir='ltr'><strong>est,</strong></span> <span class='ocrx_word' id='word_1_120' title='bbox 1724 1917 1856 1991; x_wconf 79' lang='lat' dir='ltr'><strong>quia</strong></span> <span class='ocrx_word' id='word_1_121' title='bbox 1894 1918 2134 1974; x_wconf 79' lang='lat' dir='ltr'><strong>salutem</strong></span> <span class='ocrx_word' id='word_1_122' title='bbox 2175 1917 2489 1991; x_wconf 79' lang='lat' dir='ltr'><strong>expectauit</strong></span> <span class='ocrx_word' id='word_1_123' title='bbox 2528 1933 2561 1975; x_wconf 81' lang='lat' dir='ltr'>a</span> <span class='ocrx_word' id='word_1_124' title='bbox 2600 1917 2840 1975; x_wconf 89' lang='lat' dir='ltr'><strong>domino.</strong></span> 
     </span>
    </p>

    <p class='ocr_par' dir='ltr' id='par_1_3' title="bbox 1049 2001 3258 2935">
     <span class='ocr_line' id='line_1_16' title="bbox 1049 2001 3258 2095; baseline -0.002 -22"><span class='ocrx_word' id='word_1_125' title='bbox 1049 2019 1109 2095; x_wconf 83' lang='lat'><strong>8,</strong></span> <span class='ocrx_word' id='word_1_126' title='bbox 1126 2025 1201 2082; x_wconf 85' lang='lat'><strong>29</strong></span> <span class='ocrx_word' id='word_1_127' title='bbox 1281 2013 1469 2073; x_wconf 84' lang='lat' dir='ltr'><strong>Tertia</strong></span> <span class='ocrx_word' id='word_1_128' title='bbox 1545 2028 1767 2086; x_wconf 88' lang='lat' dir='ltr'><strong>quoque</strong></span> <span class='ocrx_word' id='word_1_129' title='bbox 1843 2010 2234 2085; x_wconf 78' lang='lat' dir='ltr'><strong>interpellatio,</strong></span> <span class='ocrx_word' id='word_1_130' title='bbox 2313 2011 2464 2085; x_wconf 85' lang='lat' dir='ltr'><strong>quod</strong></span> <span class='ocrx_word' id='word_1_131' title='bbox 2532 2011 2590 2069; x_wconf 91' lang='lat' dir='ltr'><strong>in</strong></span> <span class='ocrx_word' id='word_1_132' title='bbox 2658 2011 2840 2070; x_wconf 90' lang='lat' dir='ltr'><strong>medio</strong></span> <span class='ocrx_word' id='word_1_133' title='bbox 2913 2011 3186 2071; x_wconf 73' lang='lat' dir='ltr'><strong>hominum</strong></span> <span class='ocrx_word' id='word_1_134' title='bbox 3204 2001 3258 2068; x_wconf 71' lang='lat' dir='ltr'><strong>nl</strong></span> 
     </span>
     <span class='ocr_line' id='line_1_17' title="bbox 1204 2105 3185 2185; baseline -0.002 -15"><span class='ocrx_word' id='word_1_135' title='bbox 1204 2109 1481 2185; x_wconf 80' lang='lat' dir='ltr'><strong>nequitias</strong></span> <span class='ocrx_word' id='word_1_136' title='bbox 1542 2106 1915 2166; x_wconf 83' lang='lat' dir='ltr'><strong>exercentium</strong></span> <span class='ocrx_word' id='word_1_137' title='bbox 1982 2105 2321 2165; x_wconf 77' lang='lat' dir='ltr'><strong>constitutus</strong></span> <span class='ocrx_word' id='word_1_138' title='bbox 2385 2123 2607 2165; x_wconf 81' lang='lat' dir='ltr'><strong>causam</strong></span> <span class='ocrx_word' id='word_1_139' title='bbox 2672 2122 2831 2165; x_wconf 78' lang='lat' dir='ltr'><strong>suam</strong></span> <span class='ocrx_word' id='word_1_140' title='bbox 2887 2106 2958 2164; x_wconf 77' lang='lat' dir='ltr'><strong>ab</strong></span> <span class='ocrx_word' id='word_1_141' title='bbox 3019 2120 3185 2166; x_wconf 70' lang='lat' dir='ltr'><strong>eoru-</strong></span> 
     </span>
     <span class='ocr_line' id='line_1_18' title="bbox 1206 2195 3258 2279; baseline -0.001 -15"><span class='ocrx_word' id='word_1_142' title='bbox 1206 2202 1462 2279; x_wconf 75' lang='lat' dir='ltr'><strong>contagio</strong></span> <span class='ocrx_word' id='word_1_143' title='bbox 1505 2202 1694 2276; x_wconf 85' lang='lat' dir='ltr'><strong>cupiat</strong></span> <span class='ocrx_word' id='word_1_144' title='bbox 1733 2201 1991 2276; x_wconf 75' lang='lat' dir='ltr'><strong>separari.</strong></span> <span class='ocrx_word' id='word_1_145' title='bbox 2034 2200 2183 2275; x_wconf 86' lang='lat' dir='ltr'><strong>quod</strong></span> <span class='ocrx_word' id='word_1_146' title='bbox 2222 2201 2388 2259; x_wconf 85' lang='lat' dir='ltr'><strong>multi</strong></span> <span class='ocrx_word' id='word_1_147' title='bbox 2427 2201 2496 2259; x_wconf 80' lang='lat' dir='ltr'><strong>nd</strong></span> <span class='ocrx_word' id='word_1_148' title='bbox 2528 2201 2815 2260; x_wconf 88' lang='lat' dir='ltr'><strong>dominum</strong></span> <span class='ocrx_word' id='word_1_149' title='bbox 2843 2201 3046 2261; x_wconf 82' lang='lat' dir='ltr'><strong>Iesum</strong></span> <span class='ocrx_word' id='word_1_150' title='bbox 3073 2200 3184 2261; x_wconf 63' lang='lat' dir='ltr'><strong>refl-</strong></span> <span class='ocrx_word' id='word_1_151' title='bbox 3239 2195 3258 2249; x_wconf 81' lang='lat' dir='ltr'>l</span> 
     </span>
     <span class='ocr_line' id='line_1_19' title="bbox 1204 2295 3174 2373; baseline -0.001 -15"><span class='ocrx_word' id='word_1_152' title='bbox 1204 2299 1436 2358; x_wconf 87' lang='lat' dir='ltr'><strong>rendum</strong></span> <span class='ocrx_word' id='word_1_153' title='bbox 1474 2299 1691 2373; x_wconf 78' lang='lat' dir='ltr'><strong>putant.</strong></span> <span class='ocrx_word' id='word_1_154' title='bbox 1732 2313 1796 2355; x_wconf 88' lang='lat' dir='ltr'><strong>eo</strong></span> <span class='ocrx_word' id='word_1_155' title='bbox 1830 2295 1978 2370; x_wconf 90' lang='lat' dir='ltr'><strong>quod</strong></span> <span class='ocrx_word' id='word_1_156' title='bbox 2010 2295 2187 2371; x_wconf 73' lang='lat' dir='ltr'><strong>ipsius</strong></span> <span class='ocrx_word' id='word_1_157' title='bbox 2221 2295 2397 2355; x_wconf 81' lang='lat' dir='ltr'><strong>solius</strong></span> <span class='ocrx_word' id='word_1_158' title='bbox 2430 2300 2518 2355; x_wconf 77' lang='lat' dir='ltr'><strong>eet</strong></span> <span class='ocrx_word' id='word_1_159' title='bbox 2546 2313 2654 2356; x_wconf 91' lang='lat' dir='ltr'><strong>non</strong></span> <span class='ocrx_word' id='word_1_160' title='bbox 2685 2296 2881 2355; x_wconf 89' lang='lat' dir='ltr'><strong>timere</strong></span> <span class='ocrx_word' id='word_1_161' title='bbox 2913 2295 3174 2363; x_wconf 59' lang='lat' dir='ltr'><strong>indicina</strong></span> 
     </span>
     <span class='ocr_line' id='line_1_20' title="bbox 1207 2388 3167 2468; baseline -0.001 -17"><span class='ocrx_word' id='word_1_162' title='bbox 1207 2393 1306 2468; x_wconf 87' lang='lat' dir='ltr'><strong>qui</strong></span> <span class='ocrx_word' id='word_1_163' title='bbox 1341 2391 1521 2450; x_wconf 90' lang='lat' dir='ltr'><strong>uincit</strong></span> <span class='ocrx_word' id='word_1_164' title='bbox 1559 2407 1694 2449; x_wconf 88' lang='lat' dir='ltr'><strong>cum.</strong></span> <span class='ocrx_word' id='word_1_165' title='bbox 1725 2390 2018 2449; x_wconf 75' lang='lat' dir='ltr'><strong>iudicatur.</strong></span> <span class='ocrx_word' id='word_1_166' title='bbox 2058 2388 2227 2448; x_wconf 85' lang='lat' dir='ltr'><strong>habet</strong></span> <span class='ocrx_word' id='word_1_167' title='bbox 2265 2391 2411 2448; x_wconf 91' lang='lat' dir='ltr'><strong>enim</strong></span> <span class='ocrx_word' id='word_1_168' title='bbox 2451 2408 2484 2448; x_wconf 81' lang='lat' dir='ltr'><strong>a</strong></span> <span class='ocrx_word' id='word_1_169' title='bbox 2522 2390 2641 2449; x_wconf 90' lang='lat' dir='ltr'><strong>uiro</strong></span> <span class='ocrx_word' id='word_1_170' title='bbox 2680 2390 2872 2464; x_wconf 87' lang='lat' dir='ltr'><strong>iniquo</strong></span> <span class='ocrx_word' id='word_1_171' title='bbox 2911 2390 3167 2455; x_wconf 71' lang='lat' dir='ltr'><strong>iudici..</strong></span> 
     </span>
     <span class='ocr_line' id='line_1_21' title="bbox 1206 2483 3215 2560; baseline -0.004 -14"><span class='ocrx_word' id='word_1_172' title='bbox 1206 2487 1262 2546; x_wconf 93' lang='lat' dir='ltr'><strong>in</strong></span> <span class='ocrx_word' id='word_1_173' title='bbox 1336 2485 1485 2560; x_wconf 90' lang='lat' dir='ltr'><strong>quod</strong></span> <span class='ocrx_word' id='word_1_174' title='bbox 1556 2485 1751 2543; x_wconf 80' lang='lat' dir='ltr'><strong>uolens</strong></span> <span class='ocrx_word' id='word_1_175' title='bbox 1823 2483 2078 2544; x_wconf 75' lang='lat' dir='ltr'><strong>Christus</strong></span> <span class='ocrx_word' id='word_1_176' title='bbox 2142 2483 2467 2560; x_wconf 83' lang='lat' dir='ltr'><strong>ingreditur,</strong></span> <span class='ocrx_word' id='word_1_177' title='bbox 2531 2488 2597 2542; x_wconf 87' lang='lat' dir='ltr'><strong>ut</strong></span> <span class='ocrx_word' id='word_1_178' title='bbox 2661 2485 2831 2543; x_wconf 81' lang='lat' dir='ltr'><strong>habes</strong></span> <span class='ocrx_word' id='word_1_179' title='bbox 2897 2484 3215 2559; x_wconf 66' lang='lat' dir='ltr'><strong>scriptun-.-</strong></span> 
     </span>
     <span class='ocr_line' id='line_1_22' title="bbox 1208 2572 3175 2657; baseline -0.004 -18"><span class='ocrx_word' id='word_1_180' title='bbox 1208 2581 1521 2657; x_wconf 80' lang='lat' dir='ltr'><strong>populus</strong></span> <span class='ocrx_word' id='word_1_181' title='bbox 1568 2596 1780 2650; x_wconf 76' lang='lat' dir='ltr'><strong>meus,</strong></span> <span class='ocrx_word' id='word_1_182' title='bbox 1822 2579 1991 2653; x_wconf 88' lang='lat' dir='ltr'><strong>quid</strong></span> <span class='ocrx_word' id='word_1_183' title='bbox 2030 2579 2172 2636; x_wconf 85' lang='lat' dir='ltr'><strong>feci</strong></span> <span class='ocrx_word' id='word_1_184' title='bbox 2215 2579 2354 2636; x_wconf 91' lang='lat' dir='ltr'><strong>tibi</strong></span> <span class='ocrx_word' id='word_1_185' title='bbox 2394 2581 2516 2636; x_wconf 87' lang='lat' dir='ltr'><strong>aut</strong></span> <span class='ocrx_word' id='word_1_186' title='bbox 2554 2579 2722 2653; x_wconf 87' lang='lat' dir='ltr'><strong>quid</strong></span> <span class='ocrx_word' id='word_1_187' title='bbox 2762 2572 3175 2637; x_wconf 65' lang='lat' dir='ltr'><strong>contristati</strong></span> 
     </span>
     <span class='ocr_line' id='line_1_23' title="bbox 1211 2666 3175 2747; baseline -0.002 -13"><span class='ocrx_word' id='word_1_188' title='bbox 1211 2675 1320 2737; x_wconf 83' lang='lat' dir='ltr'><strong>te?</strong></span> <span class='ocrx_word' id='word_1_189' title='bbox 1359 2677 1604 2734; x_wconf 83' lang='lat' dir='ltr'><strong>ceterum</strong></span> <span class='ocrx_word' id='word_1_190' title='bbox 1646 2691 1771 2733; x_wconf 89' lang='lat' dir='ltr'><strong>cum</strong></span> <span class='ocrx_word' id='word_1_191' title='bbox 1809 2674 1920 2747; x_wconf 85' lang='lat' dir='ltr'><strong>ipsi</strong></span> <span class='ocrx_word' id='word_1_192' title='bbox 1960 2684 2122 2731; x_wconf 84' lang='lat' dir='ltr'><strong>omne</strong></span> <span class='ocrx_word' id='word_1_193' title='bbox 2152 2673 2425 2731; x_wconf 89' lang='lat' dir='ltr'><strong>iudicium</strong></span> <span class='ocrx_word' id='word_1_194' title='bbox 2458 2673 2670 2731; x_wconf 86' lang='lat' dir='ltr'><strong>dederit</strong></span> <span class='ocrx_word' id='word_1_195' title='bbox 2699 2675 2870 2746; x_wconf 77' lang='lat' dir='ltr'><strong>pater,</strong></span> <span class='ocrx_word' id='word_1_196' title='bbox 2906 2690 3018 2732; x_wconf 92' lang='lat' dir='ltr'><strong>non</strong></span> <span class='ocrx_word' id='word_1_197' title='bbox 3049 2666 3175 2747; x_wconf 69' lang='lat' dir='ltr'><strong>quui</strong></span> 
     </span>
     <span class='ocr_line' id='line_1_24' title="bbox 1210 2762 3174 2841; baseline -0.005 -14"><span class='ocrx_word' id='word_1_198' title='bbox 1210 2769 1426 2827; x_wconf 88' lang='lat' dir='ltr'><strong>infirmo</strong></span> <span class='ocrx_word' id='word_1_199' title='bbox 1452 2767 1663 2841; x_wconf 88' lang='lat' dir='ltr'><strong>utique,</strong></span> <span class='ocrx_word' id='word_1_200' title='bbox 1684 2766 1784 2824; x_wconf 77' lang='lat' dir='ltr'><strong>sed</strong></span> <span class='ocrx_word' id='word_1_201' title='bbox 1812 2766 1971 2841; x_wconf 82' lang='lat' dir='ltr'><strong>quasi</strong></span> <span class='ocrx_word' id='word_1_202' title='bbox 1994 2766 2128 2835; x_wconf 88' lang='lat' dir='ltr'><strong>filio,</strong></span> <span class='ocrx_word' id='word_1_203' title='bbox 2153 2766 2306 2838; x_wconf 79' lang='lat' dir='ltr'><strong>quod·</strong></span> <span class='ocrx_word' id='word_1_204' title='bbox 2323 2770 2510 2841; x_wconf 81' lang='lat' dir='ltr'><strong>potest</strong></span> <span class='ocrx_word' id='word_1_205' title='bbox 2531 2766 2652 2840; x_wconf 77' lang='lat' dir='ltr'><strong>ipse</strong></span> <span class='ocrx_word' id='word_1_206' title='bbox 2677 2766 2860 2823; x_wconf 86' lang='lat' dir='ltr'><strong>subire</strong></span> <span class='ocrx_word' id='word_1_207' title='bbox 2894 2762 3174 2824; x_wconf 68' lang='lat' dir='ltr'><strong>iudicium?</strong></span> 
     </span>
     <span class='ocr_line' id='line_1_25' title="bbox 1214 2858 3170 2935; baseline -0.005 -14"><span class='ocrx_word' id='word_1_208' title='bbox 1214 2863 1262 2921; x_wconf 85' lang='lat' dir='ltr'><strong>si</strong></span> <span class='ocrx_word' id='word_1_209' title='bbox 1308 2860 1580 2921; x_wconf 89' lang='lat' dir='ltr'><strong>iudicium</strong></span> <span class='ocrx_word' id='word_1_210' title='bbox 1627 2860 1802 2935; x_wconf 82' lang='lat' dir='ltr'><strong>patris</strong></span> <span class='ocrx_word' id='word_1_211' title='bbox 1851 2859 2187 2917; x_wconf 81' lang='lat' dir='ltr'><strong>arbitrantur</strong></span> <span class='ocrx_word' id='word_1_212' title='bbox 2232 2859 2346 2918; x_wconf 89' lang='lat' dir='ltr'><strong>filio</strong></span> <span class='ocrx_word' id='word_1_213' title='bbox 2397 2877 2520 2918; x_wconf 85' lang='lat' dir='ltr'><strong>esse</strong></span> <span class='ocrx_word' id='word_1_214' title='bbox 2577 2858 2952 2928; x_wconf 79' lang='lat' dir='ltr'><strong>subeundum,</strong></span> <span class='ocrx_word' id='word_1_215' title='bbox 3008 2860 3170 2934; x_wconf 76' lang='lat' dir='ltr'><strong>patet</strong></span> 
     </span>
    </p>
   </div>
   <div class='ocr_carea' id='block_1_3' title="bbox 1214 3050 3169 3355">
    <p class='ocr_par' dir='ltr' id='par_1_4' title="bbox 1214 3050 3169 3355">
     <span class='ocr_line' id='line_1_26' title="bbox 1367 3050 3159 3123; baseline -0.003 -13"><span class='ocrx_word' id='word_1_216' title='bbox 1367 3060 1399 3109; x_wconf 81' lang='lat'><strong>3</strong></span> <span class='ocrx_word' id='word_1_217' title='bbox 1445 3059 1497 3110; x_wconf 87' lang='lat'><strong>11</strong></span> <span class='ocrx_word' id='word_1_218' title='bbox 1529 3057 1634 3123; x_wconf 84' lang='lat' dir='ltr'><strong>Cor.</strong></span> <span class='ocrx_word' id='word_1_219' title='bbox 1679 3060 1751 3119; x_wconf 87' lang='lat' dir='ltr'><strong>ll,</strong></span> <span class='ocrx_word' id='word_1_220' title='bbox 1786 3059 1844 3108; x_wconf 79' lang='grc'>14</span> <span class='ocrx_word' id='word_1_221' title='bbox 2000 3061 2029 3108; x_wconf 86' lang='grc'><strong>6</strong></span> <span class='ocrx_word' id='word_1_222' title='bbox 2075 3058 2250 3109; x_wconf 73' lang='grc' dir='ltr'>Ριιὼῐι.</span> <span class='ocrx_word' id='word_1_223' title='bbox 2291 3058 2490 3107; x_wconf 83' lang='grc' dir='ltr'>ΧΧΧΧῙ</span> <span class='ocrx_word' id='word_1_224' title='bbox 2526 3060 2578 3107; x_wconf 93' lang='grc'><strong>11</strong></span> <span class='ocrx_word' id='word_1_225' title='bbox 2742 3062 2768 3108; x_wconf 84' lang='lat'><strong>7</strong></span> <span class='ocrx_word' id='word_1_226' title='bbox 2819 3059 2995 3108; x_wconf 70' lang='lat' dir='ltr'><strong>matth.</strong></span> <span class='ocrx_word' id='word_1_227' title='bbox 3039 3050 3159 3116; x_wconf 63' lang='grc' dir='ltr'>15,Ι</span> 
     </span>
     <span class='ocr_line' id='line_1_27' title="bbox 1214 3128 3159 3193; baseline -0.004 -5"><span class='ocrx_word' id='word_1_228' title='bbox 1214 3141 1243 3188; x_wconf 82' lang='grc'><strong>9</strong></span> <span class='ocrx_word' id='word_1_229' title='bbox 1289 3137 1465 3187; x_wconf 62' lang='lat' dir='ltr'><strong>Palm.</strong></span> <span class='ocrx_word' id='word_1_230' title='bbox 1504 3136 1727 3185; x_wconf 81' lang='lat' dir='ltr'>XXXXH</span> <span class='ocrx_word' id='word_1_231' title='bbox 1766 3137 1796 3185; x_wconf 79' lang='lat'>2</span> <span class='ocrx_word' id='word_1_232' title='bbox 1955 3136 2010 3185; x_wconf 91' lang='lat'><strong>11</strong></span> <span class='ocrx_word' id='word_1_233' title='bbox 2059 3135 2285 3186; x_wconf 84' lang='lat' dir='ltr'><strong>Prouerb.</strong></span> <span class='ocrx_word' id='word_1_234' title='bbox 2326 3136 2401 3193; x_wconf 84' lang='lat'><strong>28,</strong></span> <span class='ocrx_word' id='word_1_235' title='bbox 2442 3137 2503 3186; x_wconf 83' lang='lat'><strong>25</strong></span> <span class='ocrx_word' id='word_1_236' title='bbox 2540 3137 2717 3185; x_wconf 74' lang='lat' dir='ltr'><strong>Psalm.</strong></span> <span class='ocrx_word' id='word_1_237' title='bbox 2749 3137 2947 3185; x_wconf 83' lang='lat' dir='ltr'><strong>xxxxl</strong></span> <span class='ocrx_word' id='word_1_238' title='bbox 2990 3138 3020 3186; x_wconf 80' lang='lat'>6</span> <span class='ocrx_word' id='word_1_239' title='bbox 3063 3128 3159 3185; x_wconf 72' lang='lat' dir='ltr'><strong>etit</strong></span> 
     </span>
     <span class='ocr_line' id='line_1_28' title="bbox 1217 3204 3169 3278; baseline -0.004 -13"><span class='ocrx_word' id='word_1_240' title='bbox 1217 3217 1275 3265; x_wconf 88' lang='lat'><strong>12</strong></span> <span class='ocrx_word' id='word_1_241' title='bbox 1308 3215 1425 3265; x_wconf 85' lang='lat' dir='ltr'><strong>Gen.</strong></span> <span class='ocrx_word' id='word_1_242' title='bbox 1457 3216 1535 3269; x_wconf 82' lang='lat'><strong>49.</strong></span> <span class='ocrx_word' id='word_1_243' title='bbox 1571 3216 1627 3264; x_wconf 85' lang='lat'><strong>17</strong></span> <span class='ocrx_word' id='word_1_244' title='bbox 1653 3230 1724 3278; x_wconf 75' lang='lat' dir='ltr'><strong>eq.</strong></span> <span class='ocrx_word' id='word_1_245' title='bbox 1791 3216 1849 3264; x_wconf 86' lang='lat'><strong>15</strong></span> <span class='ocrx_word' id='word_1_246' title='bbox 1881 3214 2051 3264; x_wconf 74' lang='lat' dir='ltr'><strong>Psalm.</strong></span> <span class='ocrx_word' id='word_1_247' title='bbox 2084 3213 2309 3263; x_wconf 81' lang='lat' dir='ltr'><strong>xxxxu</strong></span> <span class='ocrx_word' id='word_1_248' title='bbox 2336 3216 2357 3263; x_wconf 90' lang='lat'>1</span> <span class='ocrx_word' id='word_1_249' title='bbox 2428 3217 2483 3265; x_wconf 87' lang='lat'><strong>21</strong></span> <span class='ocrx_word' id='word_1_250' title='bbox 2519 3216 2662 3264; x_wconf 85' lang='lat' dir='ltr'><strong>Mich.</strong></span> <span class='ocrx_word' id='word_1_251' title='bbox 2688 3218 2730 3275; x_wconf 89' lang='grc'><strong>6,</strong></span> <span class='ocrx_word' id='word_1_252' title='bbox 2758 3217 2787 3264; x_wconf 87' lang='grc'><strong>3</strong></span> <span class='ocrx_word' id='word_1_253' title='bbox 2851 3216 2912 3264; x_wconf 77' lang='grc'><strong>22</strong></span> <span class='ocrx_word' id='word_1_254' title='bbox 2947 3216 3047 3264; x_wconf 88' lang='lat' dir='ltr'><strong>Ioh.</strong></span> <span class='ocrx_word' id='word_1_255' title='bbox 3072 3204 3169 3270; x_wconf 67' lang='lat' dir='ltr'><strong>m!</strong></span> 
     </span>
     <span class='ocr_line' id='line_1_29' title="bbox 1215 3293 1688 3355; baseline -0.008 -9"><span class='ocrx_word' id='word_1_256' title='bbox 1215 3295 1277 3346; x_wconf 79' lang='lat'><strong>24</strong></span> <span class='ocrx_word' id='word_1_257' title='bbox 1308 3293 1411 3344; x_wconf 87' lang='lat' dir='ltr'><strong>Ioh.</strong></span> <span class='ocrx_word' id='word_1_258' title='bbox 1443 3295 1488 3351; x_wconf 88' lang='grc'><strong>5,</strong></span> <span class='ocrx_word' id='word_1_259' title='bbox 1521 3293 1583 3342; x_wconf 81' lang='grc'><strong>22</strong></span> <span class='ocrx_word' id='word_1_260' title='bbox 1617 3307 1688 3355; x_wconf 74' lang='lat' dir='ltr'><strong>eq.</strong></span> 
     </span>
    </p>
   </div>
   <div class='ocr_carea' id='block_1_4' title="bbox 1215 3387 3258 3700">
    <p class='ocr_par' dir='ltr' id='par_1_5' title="bbox 1215 3387 3250 3622">
     <span class='ocr_line' id='line_1_30' title="bbox 1278 3387 3208 3464; baseline -0.001 -13"><span class='ocrx_word' id='word_1_261' title='bbox 1278 3403 1307 3451; x_wconf 83' lang='lat'><strong>3</strong></span> <span class='ocrx_word' id='word_1_262' title='bbox 1336 3402 1679 3464; x_wconf 73' lang='lat' dir='ltr'><strong>transfigurans</strong></span> <span class='ocrx_word' id='word_1_263' title='bbox 1710 3401 1760 3449; x_wconf 88' lang='lat' dir='ltr'><strong><em>P</em></strong></span> <span class='ocrx_word' id='word_1_264' title='bbox 1790 3405 1832 3461; x_wconf 78' lang='grc' dir='ltr'><strong>(ι</strong></span> <span class='ocrx_word' id='word_1_265' title='bbox 1857 3416 1937 3462; x_wconf 73' lang='lat' dir='ltr'><strong>pr.</strong></span> <span class='ocrx_word' id='word_1_266' title='bbox 1970 3417 2009 3451; x_wconf 77' lang='grc' dir='ltr'><strong>ε.</strong></span> <span class='ocrx_word' id='word_1_267' title='bbox 2042 3401 2110 3463; x_wconf 76' lang='grc' dir='ltr'><strong>ιι.)</strong></span> <span class='ocrx_word' id='word_1_268' title='bbox 2236 3404 2287 3450; x_wconf 88' lang='lat' dir='ltr'><strong>in</strong></span> <span class='ocrx_word' id='word_1_269' title='bbox 2320 3418 2409 3453; x_wconf 85' lang='lat' dir='ltr'><strong>om.</strong></span> <span class='ocrx_word' id='word_1_270' title='bbox 2441 3403 2490 3451; x_wconf 90' lang='lat' dir='ltr'><strong><em>B</em></strong></span> <span class='ocrx_word' id='word_1_271' title='bbox 2594 3404 2625 3452; x_wconf 82' lang='lat'><strong>4</strong></span> <span class='ocrx_word' id='word_1_272' title='bbox 2657 3401 2843 3451; x_wconf 85' lang='lat' dir='ltr'><strong>uideret</strong></span> <span class='ocrx_word' id='word_1_273' title='bbox 2873 3400 2921 3450; x_wconf 92' lang='lat' dir='ltr'><strong><em>P</em></strong></span> <span class='ocrx_word' id='word_1_274' title='bbox 2951 3403 3034 3462; x_wconf 88' lang='lat' dir='ltr'><strong>(·it</strong></span> <span class='ocrx_word' id='word_1_275' title='bbox 3063 3387 3208 3449; x_wconf 47' lang='lat' dir='ltr'><strong>corr-5</strong></span> 
     </span>
     <span class='ocr_line' id='line_1_31' title="bbox 1215 3470 3224 3543; baseline -0.001 -14"><span class='ocrx_word' id='word_1_276' title='bbox 1215 3480 1328 3529; x_wconf 87' lang='lat' dir='ltr'><strong>DP‘</strong></span> <span class='ocrx_word' id='word_1_277' title='bbox 1423 3481 1452 3528; x_wconf 84' lang='lat'><strong>7</strong></span> <span class='ocrx_word' id='word_1_278' title='bbox 1481 3479 1630 3529; x_wconf 77' lang='lat' dir='ltr'><strong>habet</strong></span> <span class='ocrx_word' id='word_1_279' title='bbox 1649 3480 1763 3528; x_wconf 78' lang='lat' dir='ltr'><strong>DP‘</strong></span> <span class='ocrx_word' id='word_1_280' title='bbox 1858 3480 1913 3528; x_wconf 91' lang='lat'><strong>11</strong></span> <span class='ocrx_word' id='word_1_281' title='bbox 1947 3480 2118 3527; x_wconf 87' lang='lat' dir='ltr'><strong>intimo</strong></span> <span class='ocrx_word' id='word_1_282' title='bbox 2144 3480 2188 3528; x_wconf 89' lang='lat' dir='ltr'><strong>ei</strong></span> <span class='ocrx_word' id='word_1_283' title='bbox 2210 3480 2323 3528; x_wconf 83' lang='lat' dir='ltr'><strong>DP‘</strong></span> <span class='ocrx_word' id='word_1_284' title='bbox 2422 3482 2479 3530; x_wconf 88' lang='grc'><strong>12</strong></span> <span class='ocrx_word' id='word_1_285' title='bbox 2511 3480 2593 3529; x_wconf 87' lang='lat' dir='ltr'><strong>ille</strong></span> <span class='ocrx_word' id='word_1_286' title='bbox 2619 3495 2761 3543; x_wconf 77' lang='lat' dir='ltr'><strong>eques</strong></span> <span class='ocrx_word' id='word_1_287' title='bbox 2782 3479 2877 3528; x_wconf 82' lang='grc' dir='ltr'><strong>ΒΟ</strong></span> <span class='ocrx_word' id='word_1_288' title='bbox 2971 3480 3028 3527; x_wconf 88' lang='grc'><strong>15</strong></span> <span class='ocrx_word' id='word_1_289' title='bbox 3056 3470 3224 3527; x_wconf 67' lang='lat' dir='ltr'><strong>meti⁰</strong></span> 
     </span>
     <span class='ocr_line' id='line_1_32' title="bbox 1216 3536 3250 3622; baseline -0.001 -15"><span class='ocrx_word' id='word_1_290' title='bbox 1216 3559 1265 3607; x_wconf 89' lang='lat' dir='ltr'><strong><em>P</em></strong></span> <span class='ocrx_word' id='word_1_291' title='bbox 1296 3557 1347 3614; x_wconf 92' lang='lat' dir='ltr'><strong>(d</strong></span> <span class='ocrx_word' id='word_1_292' title='bbox 1376 3574 1414 3607; x_wconf 76' lang='grc' dir='ltr'><strong>ε.</strong></span> <span class='ocrx_word' id='word_1_293' title='bbox 1447 3561 1472 3607; x_wconf 88' lang='lat' dir='ltr'><strong>t</strong></span> <span class='ocrx_word' id='word_1_294' title='bbox 1499 3562 1601 3619; x_wconf 62' lang='lat' dir='ltr'><strong>mn)</strong></span> <span class='ocrx_word' id='word_1_295' title='bbox 1731 3558 1787 3607; x_wconf 82' lang='lat'><strong>17</strong></span> <span class='ocrx_word' id='word_1_296' title='bbox 1821 3558 2105 3620; x_wconf 74' lang='lat' dir='ltr'><strong>contagione</strong></span> <span class='ocrx_word' id='word_1_297' title='bbox 2141 3559 2193 3607; x_wconf 90' lang='lat' dir='ltr'><em>D</em></span> <span class='ocrx_word' id='word_1_298' title='bbox 2320 3559 2378 3607; x_wconf 87' lang='lat'><strong>18</strong></span> <span class='ocrx_word' id='word_1_299' title='bbox 2411 3563 2485 3607; x_wconf 80' lang='lat' dir='ltr'><strong>est</strong></span> <span class='ocrx_word' id='word_1_300' title='bbox 2514 3574 2603 3608; x_wconf 87' lang='lat' dir='ltr'><strong>om.</strong></span> <span class='ocrx_word' id='word_1_301' title='bbox 2636 3560 2684 3607; x_wconf 91' lang='lat' dir='ltr'><em>B</em></span> <span class='ocrx_word' id='word_1_302' title='bbox 2797 3559 2854 3607; x_wconf 83' lang='lat'><strong>21</strong></span> <span class='ocrx_word' id='word_1_303' title='bbox 2888 3558 3062 3621; x_wconf 84' lang='lat' dir='ltr'><strong>popule</strong></span> <span class='ocrx_word' id='word_1_304' title='bbox 3090 3536 3250 3622; x_wconf 43' lang='lat' dir='ltr'><strong>DJ·</strong></span> 
     </span>
    </p>

    <p class='ocr_par' dir='ltr' id='par_1_6' title="bbox 1281 3613 3258 3700">
     <span class='ocr_line' id='line_1_33' title="bbox 1281 3613 3258 3700; baseline -0.001 -15"><span class='ocrx_word' id='word_1_305' title='bbox 1281 3637 1386 3698; x_wconf 87' lang='lat' dir='ltr'><strong>quit</strong></span> <span class='ocrx_word' id='word_1_306' title='bbox 1402 3636 1555 3688; x_wconf 61' lang='lat' dir='ltr'><strong>alt?</strong></span> <span class='ocrx_word' id='word_1_307' title='bbox 1574 3637 1625 3686; x_wconf 90' lang='lat' dir='ltr'><strong>in</strong></span> <span class='ocrx_word' id='word_1_308' title='bbox 1650 3652 1741 3700; x_wconf 85' lang='lat' dir='ltr'><strong>quo</strong></span> <span class='ocrx_word' id='word_1_309' title='bbox 1761 3637 1808 3686; x_wconf 89' lang='lat' dir='ltr'>B</span> <span class='ocrx_word' id='word_1_310' title='bbox 1869 3637 1930 3686; x_wconf 80' lang='lat'><strong>22</strong></span> <span class='ocrx_word' id='word_1_311' title='bbox 1962 3637 2058 3700; x_wconf 80' lang='lat' dir='ltr'><strong>ipsi</strong></span> <span class='ocrx_word' id='word_1_312' title='bbox 2090 3653 2226 3686; x_wconf 88' lang='lat' dir='ltr'><strong>omne</strong></span> <span class='ocrx_word' id='word_1_313' title='bbox 2258 3637 2488 3686; x_wconf 88' lang='lat' dir='ltr'><strong>iudicium</strong></span> <span class='ocrx_word' id='word_1_314' title='bbox 2520 3638 2677 3686; x_wconf 86' lang='lat' dir='ltr'><strong><em>PDP‘</em></strong></span> <span class='ocrx_word' id='word_1_315' title='bbox 2710 3652 2846 3686; x_wconf 88' lang='lat' dir='ltr'><strong>omne</strong></span> <span class='ocrx_word' id='word_1_316' title='bbox 2877 3637 3100 3686; x_wconf 83' lang='lat' dir='ltr'><strong>iudicium</strong></span> <span class='ocrx_word' id='word_1_317' title='bbox 3126 3613 3258 3681; x_wconf 60' lang='lat' dir='ltr'><strong>ij]</strong></span> 
     </span>
    </p>
   </div>
   <div class='ocr_carea' id='block_1_5' title="bbox 1220 3730 3258 4045">
    <p class='ocr_par' dir='ltr' id='par_1_7' title="bbox 1220 3730 3258 4045">
     <span class='ocr_line' id='line_1_34' title="bbox 1220 3730 3257 3810; baseline -0.001 -15"><span class='ocrx_word' id='word_1_318' title='bbox 1220 3749 1329 3810; x_wconf 76' lang='lat' dir='ltr'><strong>(ipsi</strong></span> <span class='ocrx_word' id='word_1_319' title='bbox 1368 3747 1432 3803; x_wconf 81' lang='lat' dir='ltr'><strong>o&gt;</strong></span> <span class='ocrx_word' id='word_1_320' title='bbox 1464 3747 1558 3795; x_wconf 80' lang='lat' dir='ltr'><strong>Bo</strong></span> <span class='ocrx_word' id='word_1_321' title='bbox 1677 3748 1738 3797; x_wconf 84' lang='lat'><strong>23</strong></span> <span class='ocrx_word' id='word_1_322' title='bbox 1771 3748 1935 3809; x_wconf 73' lang='lat' dir='ltr'><strong>utique</strong></span> <span class='ocrx_word' id='word_1_323' title='bbox 1968 3749 2152 3797; x_wconf 84' lang='lat' dir='ltr'><strong>infirmo</strong></span> <span class='ocrx_word' id='word_1_324' title='bbox 2186 3749 2298 3797; x_wconf 74' lang='grc' dir='ltr'><strong>ΒΡ·</strong></span> <span class='ocrx_word' id='word_1_325' title='bbox 2430 3730 2526 3796; x_wconf 71' lang='lat' dir='ltr'><strong>‘s&#39;ed</strong></span> <span class='ocrx_word' id='word_1_326' title='bbox 2559 3749 2694 3808; x_wconf 75' lang='lat' dir='ltr'><strong>quasi</strong></span> <span class='ocrx_word' id='word_1_327' title='bbox 2725 3748 2823 3796; x_wconf 75' lang='lat' dir='ltr'><strong>fluo</strong></span> <span class='ocrx_word' id='word_1_328' title='bbox 2855 3748 2903 3795; x_wconf 84' lang='lat' dir='ltr'><em>B</em></span> <span class='ocrx_word' id='word_1_329' title='bbox 2936 3750 3046 3806; x_wconf 72' lang='lat' dir='ltr'><strong>(om.</strong></span> <span class='ocrx_word' id='word_1_330' title='bbox 3079 3737 3257 3807; x_wconf 57' lang='lat' dir='ltr'><strong>quo</strong></span> 
     </span>
     <span class='ocr_line' id='line_1_35' title="bbox 1220 3824 3257 3888; baseline -0.003 -12"><span class='ocrx_word' id='word_1_331' title='bbox 1220 3824 1445 3876; x_wconf 89' lang='lat' dir='ltr'><strong>...dedit</strong></span> <span class='ocrx_word' id='word_1_332' title='bbox 1476 3825 1596 3883; x_wconf 83' lang='lat' dir='ltr'><strong>fi1i0;</strong></span> <span class='ocrx_word' id='word_1_333' title='bbox 1631 3828 1684 3874; x_wconf 79' lang='lat' dir='ltr'><strong>in</strong></span> <span class='ocrx_word' id='word_1_334' title='bbox 1716 3841 1803 3888; x_wconf 78' lang='lat' dir='ltr'><strong>my.</strong></span> <span class='ocrx_word' id='word_1_335' title='bbox 1836 3829 1921 3874; x_wconf 83' lang='lat' dir='ltr'><strong>m2</strong></span> <span class='ocrx_word' id='word_1_336' title='bbox 2032 3828 2194 3881; x_wconf 77' lang='lat' dir='ltr'><strong>Deest,</strong></span> <span class='ocrx_word' id='word_1_337' title='bbox 2229 3842 2351 3886; x_wconf 80' lang='lat' dir='ltr'><strong>quae</strong></span> <span class='ocrx_word' id='word_1_338' title='bbox 2380 3827 2520 3887; x_wconf 78' lang='lat' dir='ltr'><strong>infra</strong></span> <span class='ocrx_word' id='word_1_339' title='bbox 2551 3828 2606 3874; x_wconf 83' lang='lat' dir='ltr'><strong>in</strong></span> <span class='ocrx_word' id='word_1_340' title='bbox 2637 3841 2722 3888; x_wconf 75' lang='lat' dir='ltr'><strong>my.</strong></span> <span class='ocrx_word' id='word_1_341' title='bbox 2749 3826 2863 3874; x_wconf 81' lang='lat' dir='ltr'><strong>add.</strong></span> <span class='ocrx_word' id='word_1_342' title='bbox 2890 3827 2944 3874; x_wconf 67' lang='lat' dir='ltr'><strong>al*</strong></span> <span class='ocrx_word' id='word_1_343' title='bbox 2970 3824 3051 3873; x_wconf 80' lang='lat' dir='ltr'><strong>sed</strong></span> <span class='ocrx_word' id='word_1_344' title='bbox 3072 3833 3257 3886; x_wconf 57' lang='lat' dir='ltr'><strong>qur</strong></span> 
     </span>
     <span class='ocr_line' id='line_1_36' title="bbox 1221 3890 3258 3966; baseline -0.002 -14"><span class='ocrx_word' id='word_1_345' title='bbox 1221 3942 1231 3952; x_wconf 87' lang='lat'><strong>.</strong></span> <span class='ocrx_word' id='word_1_346' title='bbox 1253 3940 1261 3950; x_wconf 95' lang='lat'><em>.</em></span> <span class='ocrx_word' id='word_1_347' title='bbox 1284 3942 1293 3952; x_wconf 93' lang='lat'><em>.</em></span> <span class='ocrx_word' id='word_1_348' title='bbox 1314 3903 1539 3951; x_wconf 88' lang='lat' dir='ltr'><strong>iudicium</strong></span> <span class='ocrx_word' id='word_1_349' title='bbox 1571 3904 1728 3952; x_wconf 85' lang='lat' dir='ltr'><strong>enbire</strong></span> <span class='ocrx_word' id='word_1_350' title='bbox 1748 3942 1758 3952; x_wconf 91' lang='lat'><strong>.</strong></span> <span class='ocrx_word' id='word_1_351' title='bbox 1779 3944 1788 3956; x_wconf 93' lang='lat'>.</span> <span class='ocrx_word' id='word_1_352' title='bbox 1807 3940 1818 3952; x_wconf 91' lang='lat'><strong>.</strong></span> <span class='ocrx_word' id='word_1_353' title='bbox 1839 3908 1895 3952; x_wconf 90' lang='lat' dir='ltr'><strong>ut</strong></span> <span class='ocrx_word' id='word_1_354' title='bbox 1917 3919 2078 3953; x_wconf 83' lang='lat' dir='ltr'><strong>omnes</strong></span> <span class='ocrx_word' id='word_1_355' title='bbox 2105 3909 2193 3953; x_wconf 84' lang='lat' dir='ltr'><strong>etc.</strong></span> <span class='ocrx_word' id='word_1_356' title='bbox 2218 3905 2305 3953; x_wconf 88' lang='lat' dir='ltr'><strong>Vel</strong></span> <span class='ocrx_word' id='word_1_357' title='bbox 2333 3906 2420 3955; x_wconf 79' lang='lat' dir='ltr'><strong>sic:</strong></span> <span class='ocrx_word' id='word_1_358' title='bbox 2447 3902 2531 3952; x_wconf 78' lang='lat' dir='ltr'><strong>sed</strong></span> <span class='ocrx_word' id='word_1_359' title='bbox 2557 3906 2693 3966; x_wconf 80' lang='lat' dir='ltr'><strong>quasi</strong></span> <span class='ocrx_word' id='word_1_360' title='bbox 2773 3942 2783 3952; x_wconf 91' lang='lat'><strong>.</strong></span> <span class='ocrx_word' id='word_1_361' title='bbox 2804 3905 2961 3952; x_wconf 82' lang='lat' dir='ltr'><strong>subire</strong></span> <span class='ocrx_word' id='word_1_362' title='bbox 2986 3901 3150 3951; x_wconf 75' lang='lat' dir='ltr'><strong>indicio</strong></span> <span class='ocrx_word' id='word_1_363' title='bbox 3169 3890 3258 3937; x_wconf 55' lang='grc' dir='ltr'><strong>ἲ,</strong></span> 
     </span>
     <span class='ocr_line' id='line_1_37' title="bbox 1220 3983 1786 4045; baseline -0.002 -13"><span class='ocrx_word' id='word_1_364' title='bbox 1220 4021 1231 4032; x_wconf 91' lang='grc'><strong>.</strong></span> <span class='ocrx_word' id='word_1_365' title='bbox 1254 4020 1264 4030; x_wconf 91' lang='grc'><strong>.</strong></span> <span class='ocrx_word' id='word_1_366' title='bbox 1283 4019 1293 4031; x_wconf 94' lang='grc'><strong>.</strong></span> <span class='ocrx_word' id='word_1_367' title='bbox 1313 3984 1449 4045; x_wconf 81' lang='lat' dir='ltr'><strong>pater</strong></span> <span class='ocrx_word' id='word_1_368' title='bbox 1479 3983 1642 4044; x_wconf 86' lang='lat' dir='ltr'><strong>utique</strong></span> <span class='ocrx_word' id='word_1_369' title='bbox 1675 3988 1786 4044; x_wconf 89' lang='lat' dir='ltr'><strong>etc.)</strong></span> 
     </span>
    </p>
   </div>
  </div>
 </body>
</html>
