4242 4694
1137 518 1249 574 282
1958 513 2302 561 Ambrosii

1139 686 1410 746 uerbum
1452 684 1716 754 domini,
1757 684 1975 743 scribe
2015 684 2231 741 uirum
2279 684 2484 742 istum
2534 684 2932 743 abdicatum.
2978 685 3124 760 qussi

1136 780 1313 856 patrio
1355 780 1474 838 iure
1515 780 1652 838 deus
1693 782 1883 838 noster
1912 778 2057 837 filios
2090 780 2234 837 solet
2266 778 2524 837 abdicare
2557 778 2885 854 degenerem
2923 779 3049 838 ideo
3078 784 3127 837 et

1137 878 1283 933 terra
1323 891 1417 933 eos
1460 873 1656 932 scribit
1694 874 1789 947 qui
1828 873 1933 931 filii
1970 875 2148 931 terrae
2188 875 2336 932 sunt.
2377 872 2526 932 unde
2576 890 2706 931 cum
2748 873 2942 932 Iudaei
2983 889 3127 932 accu-

1138 971 1324 1028 sarent
1376 967 1705 1037 adulteram,
1762 966 2021 1026 dominus
2078 967 2240 1025 Iesus
2297 966 2476 1042 digito
2531 967 2810 1026 scribebat
2863 967 2923 1027 in
2977 971 3127 1027 terra.
3196 967 3220 1021 l

1137 1064 1275 1122 iusti
1298 1065 1487 1121 autem
1511 1078 1620 1120 non
1651 1061 1708 1119 in
1742 1066 1890 1120 terra
1921 1060 2258 1130 scribuntur,
2284 1064 2351 1118 ut
2379 1061 2639 1136 legimus.
2673 1061 2881 1140 quibus
2914 1061 3129 1121 dicitur:
3165 1083 3181 1121 ι

1140 1157 1440 1235 gaudete,
1490 1156 1647 1230 quia
1699 1156 1961 1215 nomina
2016 1158 2243 1214 uestra
2299 1155 2552 1230 scripta
2606 1152 2763 1215 sunt
2816 1157 2882 1215 in
2942 1155 3133 1215 caelo.

1047 1252 1118 1310 21
1140 1251 1393 1327 suscepit
1446 1266 1577 1327 ergo
1634 1266 1735 1308 nos
1793 1250 2069 1318 dominus,
2128 1250 2345 1324 quando
2395 1267 2495 1309 nos
2552 1250 2733 1309 finxit:
2792 1250 3037 1326 suscipit
3085 1253 3135 1308 et

1140 1345 1356 1420 quando
1412 1345 1572 1420 iubet
1627 1345 1797 1402 nasci.
1855 1345 2004 1402 unde
2060 1345 2142 1402 ait
2194 1345 2410 1404 iustus:
2475 1345 2845 1420 suscepisti
2911 1363 3009 1404 me
3071 1361 3134 1404 ex

1141 1444 1325 1499 utero
1379 1439 1607 1497 matris
1660 1455 1858 1497 meae.
1900 1438 2062 1497 cuius
2102 1439 2336 1498 matris?
2375 1437 2764 1513 priusquam
2803 1442 2872 1497 te
2913 1439 3133 1497 forma·

1141 1551 1271 1593 rem
1319 1534 1383 1591 in
1432 1536 1639 1601 utero,
1689 1534 1842 1591 noui
1889 1537 1972 1592 te.
2047 1549 2187 1607 quos
2228 1534 2433 1593 format
2473 1536 2532 1592 et
2571 1532 2837 1608 suscipit3
2883 1536 3132 1592 exeuntes
3153 1556 3186 1592 ιο

1144 1645 1363 1703 quoqne
1399 1627 1661 1701 suscipit:
1718 1629 1784 1684 et
1827 1628 2212 1701 priusquam
2261 1628 2473 1686 exires
2524 1627 2599 1685 de
2639 1626 2848 1686 uulua
2889 1627 3135 1692 matris,

1148 1721 1577 1782 sanctificaui
1633 1726 1715 1782 te.
1773 1725 2064 1796 susceptor
2120 1726 2209 1780 est
2263 1722 2361 1796 qui
2409 1722 2724 1796 susceperit
2764 1722 3045 1792 manibus,
3081 1725 3137 1780 ut

1148 1816 1365 1893 generis
1406 1817 1660 1890 operator
1696 1815 1924 1873 humani
1973 1819 2266 1889 susceptor
2311 1816 2532 1883 dicitur,
2581 1818 2639 1873 et
2684 1816 2780 1889 qui
2825 1816 3138 1875 uisitatione
3205 1813 3231 1863 1

1152 1909 1479 1985 susceperit,
1519 1911 1586 1967 ut
1638 1912 1916 1985 protegat.
1957 1910 2103 1968 unde
2161 1910 2291 1967 alibi
2350 1911 2469 1984 ipse
2518 1910 2655 1967 dicit
2700 1910 2999 1985 propheta:
3040 1909 3138 1985 qui

1154 2002 1417 2062 habitat
1477 2004 1542 2062 in
1608 2006 1941 2064 adiutorio
2017 2006 2354 2076 altissimi,
2417 2005 2596 2063 dicet
2660 2005 2951 2063 domino:
3018 2021 3189 2065 sus-n

1154 2101 1384 2174 ceptor
1438 2116 1620 2158 meus
1677 2117 1746 2158 es
1787 2101 1858 2158 tu
1902 2102 1968 2157 et
2004 2099 2335 2174 refugium
2377 2117 2606 2157 meum.
2647 2100 2826 2174 prima
2866 2099 3139 2174 susceptio

1154 2195 1242 2251 est
1295 2192 1648 2267 operationis,
1707 2192 1953 2251 secunda
2007 2192 2362 2254 defensionis.
2429 2192 2666 2265 denique
2730 2192 2860 2251 audi
2918 2193 3140 2269 Moysen

1154 2285 1461 2345 dicentem:
1502 2285 1859 2345 extendens
1892 2286 2029 2345 alas
2066 2302 2220 2345 suas
2255 2285 2627 2362 adsumpsit
2667 2303 2775 2344 eos
2826 2290 2894 2344 et
2935 2302 3140 2347 susce·

1153 2380 1255 2455 pit
1303 2397 1413 2438 eos
1461 2397 1660 2454 super
1708 2381 2017 2454 scapulas
2067 2398 2240 2441 suas.
2281 2382 2431 2440 sicut
2471 2381 2657 2455 aquila
2697 2382 2969 2455 suscepit,
3013 2397 3138 2457 quae

1153 2475 1302 2532 fetus
1344 2490 1477 2532 suos
1521 2474 1827 2532 examinare
1870 2476 2178 2546 consueuit,
2211 2479 2278 2534 ut
2316 2479 2504 2534 teneat
2543 2479 2709 2548 atque
2750 2477 2998 2535 enutriat
3034 2475 3182 2550 qui-s

1153 2568 1258 2625 bus
1316 2568 1434 2626 ueri
1488 2568 1731 2626 indolem
1787 2572 1979 2642 partus
2022 2574 2080 2628 et
2116 2571 2466 2644 incorruptae
2509 2570 2744 2644 gratiam
2785 2573 3022 2628 naturae
3057 2568 3131 2627 ad·

1156 2661 1413 2735 stipulari
1465 2662 1767 2721 aduerterit
1814 2666 1916 2721 aut
1963 2664 2200 2738 repellat
2249 2666 2304 2722 in
2347 2665 2551 2737 quibus
2593 2664 2880 2739 degeneris
2927 2660 3127 2740 originis

1154 2755 1529 2813 infirmitatem
1568 2755 1623 2813 in
1664 2759 1854 2813 tenera
1893 2756 2073 2814 adhuc
2114 2762 2293 2815 aetate
2335 2757 2771 2832 deprehenderit.

1309 2924 1339 2973 3
1388 2923 1491 2972 Ioh.
1524 2923 1570 2979 8,
1611 2925 1641 2972 6
1675 2926 1724 2971 et
1755 2924 1784 2972 8
1939 2926 1969 2973 6
2018 2923 2130 2973 Luc.
2169 2926 2240 2981 10,
2273 2926 2336 2973 20
2492 2925 2521 2972 8
2565 2925 2740 2974 Psalm.
2775 2924 3063 2975 CXXXVIII
3092 2924 3143 2973 13

1156 3004 1184 3051 9
1209 3002 1339 3050 Hier.
1368 3004 1408 3060 1,
1436 3005 1464 3052 5
1564 3003 1616 3050 11
1646 3002 1773 3050 Hier.
1803 3004 1843 3060 1,
1870 3005 1899 3051 5
1997 3006 2055 3052 14
2081 3004 2254 3051 Psalm.
2280 3004 2491 3052 Lxxxx
2521 3006 2542 3052 1
2574 3019 2644 3065 sq.
2736 3005 2793 3052 18
2820 3005 2965 3052 Dent.
2991 3005 3071 3057 32.
3094 3004 3145 3051 ll

1219 3112 1247 3159 2
1288 3111 1395 3160 ideo
1428 3116 1480 3160 et
1510 3116 1637 3160 terra
1667 3112 1808 3160 PBC
1835 3113 1876 3161 si
1909 3112 1963 3161 ds
1997 3113 2043 3161 in
2079 3114 2148 3176 (in
2180 3114 2235 3161 in
2266 3118 2386 3172 ras.)
2421 3118 2550 3163 terra
2579 3115 2633 3162 D
2665 3114 2733 3162 sic
2767 3114 2822 3162 ds
2855 3115 2903 3161 in
2940 3119 2987 3176 (c
3018 3113 3075 3161 ds
3103 3114 3151 3161 in

1154 3191 1210 3238 in
1239 3193 1359 3249 ras.)
1392 3194 1522 3239 terra
1553 3190 1614 3238 P‘
1709 3192 1739 3240 3
1773 3192 1885 3254 quia
1914 3192 2015 3240 BD
2116 3194 2146 3241 5
2170 3198 2288 3253 post
2317 3193 2434 3240 iusti
2467 3192 2581 3240 add.
2616 3193 2661 3239 Β
2693 3193 2845 3241 uerba
2875 3208 2960 3241 uu.
2998 3195 3156 3240 8—10

1157 3268 1405 3331 suscepisti
1445 3270 1744 3317 me...noui
1784 3274 1833 3318 te
1872 3270 1947 3332 (in
1986 3285 2074 3332 my.
2107 3272 2191 3318 m2
2229 3271 2317 3334 hec
2357 3272 2405 3318 in
2448 3271 2597 3318 altero
2639 3270 2800 3319 codice
2832 3274 3029 3319 uetusto
3062 3285 3155 3319 non

1158 3345 1408 3398 habentur)
1506 3349 1534 3395 5
1568 3351 1623 3394 ut
1653 3347 1854 3407 legimus
1888 3361 1979 3395 om.
2003 3347 2051 3394 Β
2086 3348 2220 3407 (add.
2253 3349 2309 3395 in
2332 3362 2420 3410 my.
2447 3349 2545 3408 m2)
2641 3351 2670 3396 6
2706 3348 2817 3408 quia
2840 3347 3005 3395 PDP‘
3031 3347 3159 3410 quod

1157 3423 1253 3471 BG
1312 3424 1338 3471 7
1357 3424 1556 3487 suscipit
1569 3439 1648 3486 pr.
1666 3425 1713 3471 P
1805 3426 2015 3488 suscepit
2038 3426 2124 3473 alt.
2142 3425 2203 3473 P‘
2265 3426 2295 3474 8
2321 3425 2507 3487 quando
2533 3440 2618 3472 nos
2636 3425 2685 3473 Β
2778 3425 2901 3472 unde
2929 3429 2982 3473 et
3004 3426 3160 3474 iustus

1159 3502 1229 3550 ait
1258 3502 1306 3550 B
1430 3504 1684 3566 suscepisti
1714 3503 1763 3551 P
1793 3509 1836 3562 (e
1871 3518 1930 3553 ex
1960 3506 1995 3563 i)
2029 3504 2077 3551 Β
2108 3506 2319 3567 suscepit
2350 3510 2434 3552 cet.
2562 3506 2634 3567 ex]
2663 3503 2721 3551 de
2746 3504 2857 3552 DP‘
2958 3505 3017 3552 12
3051 3520 3162 3553 san-

1160 3580 1364 3629 ctificaui
1394 3581 1443 3629 P
1474 3587 1522 3639 (ιι
1553 3597 1591 3630 s.
1623 3587 1692 3640 u.)
1810 3583 1867 3631 13
1901 3587 2118 3646 operator
2149 3598 2238 3631 om.
2272 3582 2321 3630 Β
2353 3584 2428 3641 (in
2458 3598 2546 3645 my.
2579 3585 2663 3630 m2
2694 3582 2880 3644 generis
2914 3587 3163 3644 operator)

1222 3657 1395 3706 dicitur
1425 3659 1473 3707 P
1504 3664 1552 3719 (a
1582 3675 1619 3709 e.
1653 3661 1671 3708 i
1705 3661 1791 3709 alt.
1826 3663 1929 3720 ΜΞ)
2095 3662 2371 3710 uisitatione
2404 3661 2453 3709 Β
2485 3660 2810 3709 uisitationem
2843 3660 2891 3708 P
2922 3661 2986 3719 (si
3015 3676 3054 3709 s.
3090 3666 3161 3719 u.)

1157 3735 1317 3783 DP'C
1441 3738 1497 3785 15
1530 3737 1648 3786 dicit
1677 3739 1727 3787 P
1852 3741 1908 3787 19
1942 3740 2142 3801 suscipit
2173 3741 2221 3787 Β
2377 3740 2438 3788 20
2468 3740 2652 3788 nutriat
2682 3739 2730 3786 Β
2870 3740 2925 3787 21
2966 3754 3080 3788 uere
3114 3741 3163 3789 Β

1220 3813 1427 3862 indolem
1466 3816 1518 3863 D
1566 3821 1643 3876 (ex
1679 3815 1917 3876 indolens)
1962 3817 2178 3866 indolens
2223 3819 2270 3866 P
2307 3821 2357 3876 (n
2399 3817 2508 3877 del.)
2547 3816 2721 3865 indolis
2754 3818 2803 3863 Β
2835 3817 3023 3866 indoles
3055 3819 3167 3867 1²¹0

1159 3892 1220 3940 22
1252 3893 1444 3954 repellit
1466 3889 1515 3941 Β
1548 3896 1623 3956 (in
1653 3910 1741 3957 my.
1768 3900 1851 3944 m2
1882 3897 1934 3944 al
1963 3897 2183 3958 repellat)
2311 3896 2571 3958 indigneris
2597 3896 2643 3942 Β
2679 3902 2788 3956 (om.
2815 3897 2882 3957 in)
2979 3898 3040 3946 23
3075 3898 3159 3946 ad·

1159 3970 1251 4020 huc
1284 3971 1560 4020 infirmitate
1593 3974 1641 4021 Β
1670 3975 1746 4036 (in
1775 3989 1861 4036 my.
1896 3978 1978 4021 m2
2009 3975 2060 4021 sl
2092 3974 2246 4023 adhuc
2278 3981 2455 4034 aetate)
