4242 4694
1072 529 1259 588 XVIII
1880 532 2263 584 Praefatio.

1075 700 1322 760 Platonis
1364 702 1715 772 Conuiuium,
1758 705 1917 763 cuius
1976 706 2028 763 in
2088 708 2375 780 opusculis
2417 709 2485 767 de
2525 710 2681 767 Isaac
2723 714 2781 768 et
2819 710 2887 768 de
2926 710 3073 770 bono

1070 797 1267 854 mortis
1300 802 1398 854 aut
1427 797 1596 855 tacite
1630 802 1729 856 aut
1760 799 1927 856 etiam
1961 800 2247 875 scriptoris
2287 803 2508 861 nomine
2546 804 2760 876 prolato
2801 805 3073 864 rationem

1066 890 1285 961 habuit,
1325 891 1380 949 in
1428 891 1535 950 hoc
1587 908 1805 966 quoque
1851 893 1994 952 libro
2045 895 2178 965 203,
2220 898 2295 954 23
2335 897 2527 973 attigit
2562 898 2659 967 ita,
2701 903 2768 955 111
2806 902 3071 958 craterem

1069 987 1126 1043 in
1173 986 1277 1044 1106
1326 986 1545 1060 dialogo
1597 992 2089 1046 commemoratum
2137 990 2432 1065 allegorice
2472 992 2936 1066 interpretaretur.
2981 995 3072 1052 de-

1070 1080 1237 1154 nique
1291 1080 1380 1138 bis
1441 1081 1572 1149 170,
1631 1082 1705 1138 25
1760 1083 1818 1139 61
1865 1082 1997 1153 201,
2058 1084 2090 1141 '7
2148 1084 2399 1142 flosculis
2456 1103 2520 1142 ex
2579 1086 2821 1161 Uergilio
2878 1089 3071 1162 petitis

1071 1175 1375 1234 orationem
1432 1191 1589 1233 suam
1638 1177 1949 1234 exornauit.
2005 1177 2358 1252 Augustinus
2417 1180 2593 1238 sexies
2648 1180 2803 1239 locos
2854 1197 2915 1238 ex
2963 1181 3070 1241 hoc

1067 1269 1261 1328 libello
1304 1269 1629 1342 desumptos
1672 1269 1942 1338 laudauit,
1985 1276 2178 1330 contra
2217 1273 2354 1331 duas
2396 1274 2559 1347 epist.
2592 1275 2782 1349 Pelag.
2823 1274 2936 1332 IIII
2980 1277 3069 1340 11,

1069 1366 1144 1424 30
1184 1365 1342 1439 (163,
1389 1366 1417 1422 1
1463 1368 1522 1421 61
1564 1364 1693 1434 175,
1735 1362 1856 1439 23),
1898 1370 2086 1424 contra
2123 1368 2227 1425 Iul.
2271 1369 2460 1443 Pelag.
2501 1369 2643 1437 118,
2679 1369 2753 1426 23
2795 1368 2952 1445 (163,
2991 1369 3068 1446 1),

1069 1460 1137 1517 de
1188 1459 1329 1517 dono
1377 1475 1653 1533 perseuer.
1702 1461 1756 1529 8,
1800 1461 1875 1517 20
1923 1461 2081 1535 (163,
2127 1459 2202 1536 1),
2248 1463 2338 1530 13,
2379 1464 2456 1520 33
2496 1464 2654 1538 (163.
2701 1461 2812 1538 14),
2859 1465 2949 1532 19,
2992 1464 3068 1521 48

1065 1553 1224 1631 (163,
1266 1554 1341 1629 9).

1145 1635 1594 1707 111661111011111116
1636 1647 1734 1720 qui
1776 1648 1854 1705 de
1903 1648 2505 1723 interpellatione
2552 1653 2674 1710 Iob
2727 1655 2793 1710 et
2833 1651 3064 1709 Dauid

1064 1743 1445 1802 inscribuntur
1482 1759 1568 1800 res
1610 1743 1975 1816 grauissimae
2016 1750 2147 1802 sunt
2186 1746 2432 1820 capitum
2472 1746 2689 1820 aliquot
2719 1746 2847 1804 libri
2878 1746 2977 1804 Iob
3012 1750 3070 1804 et

1065 1838 1405 1912 psalmorum
1453 1836 1799 1911 quorundam
1838 1837 2021 1895 Dauid
2067 1839 2564 1913 interpretationes.
2607 1840 2828 1913 qualem
2877 1842 3066 1898 autem

1064 1934 1419 2007 interpretem
1451 1931 1782 1989 Ambrosius
1816 1949 1876 1990 se
1910 1933 2148 2007 gesserit
2177 1933 2420 2007 quidque
2452 1934 2506 1991 in
2542 1951 2606 1991 ea
2638 1950 2697 1991 re
2728 1934 3070 2008 praestiterit

1063 2025 1336 2100 inquirere
1377 2043 1483 2083 non
1525 2043 1711 2083 meum
1754 2043 1878 2084 esse
1918 2030 2074 2101 puto.
2118 2044 2257 2100 quae
2299 2029 2346 2086 si
2389 2028 2513 2101 quis
2557 2029 2775 2086 edoceri
2808 2028 2968 2096 uelit,
3002 2044 3068 2086 ea

1064 2122 1227 2180 adeat
1266 2137 1407 2195 quae
1445 2119 1677 2178 Kellner
1715 2138 1767 2193 p.
1813 2120 1923 2178 126
1967 2139 2085 2195 sqq.
2129 2122 2455 2195 disputauit.
2508 2140 2573 2179 ex
2609 2123 2842 2182 Philone
2888 2138 3066 2196 pauca

1062 2219 1280 2275 tantum
1321 2230 1462 2287 quae
1504 2213 1572 2270 ad
1611 2213 1896 2271 nominum
1939 2214 2050 2271 fere
2083 2215 2501 2287 explicationem
2535 2217 2811 2289 pertinent
2843 2220 3068 2290 sumpta

1064 2311 1196 2367 sunt
1250 2308 1384 2374 258,
1443 2309 1542 2374 21ς
1603 2308 1734 2376 276,
1793 2313 1847 2365 4.
1908 2308 1959 2366 6.
2010 2309 2065 2368 8.
2121 2308 2360 2367 imitatio
2419 2309 2737 2383 Uergiliana
2803 2312 3067 2383 quattuor

1061 2404 1202 2461 locis
1252 2401 1615 2475 conspicitur:
1666 2402 1798 2470 211,
1850 2403 1911 2469 63
1962 2403 2095 2472 227,
2145 2404 2208 2468 2ς
2257 2404 2390 2472 247,
2441 2404 2502 2471 6;
2554 2404 2686 2471 295,
2736 2404 2828 2462 21.
2887 2404 3064 2461 rarius

1058 2499 1165 2556 vhos
1205 2512 1486 2554 sermones
1525 2494 1710 2553 medio
1753 2512 1890 2554 aeuo
1931 2496 2108 2555 lectos
2151 2514 2274 2556 esse
2317 2498 2513 2572 exiguo
2564 2496 2658 2569 qui
2709 2497 2776 2555 ad
2815 2499 3063 2554 nostram

1061 2590 1385 2651 memoriam
1455 2592 1827 2663 peruenerunt
1888 2590 2141 2648 codicum
2204 2608 2433 2649 numero
2499 2590 2826 2648 ostenditur.

1139 2683 1301 2758 Quod
1316 2682 1597 2742 Ambrosii
1613 2682 1670 2739 in
1689 2685 1929 2740 tractatu
1948 2684 2043 2757 qui
2062 2684 2098 2741 d
2109 2701 2138 2742 e
2165 2702 2241 2757 ap
2254 2684 2357 2743 olo
2370 2685 2436 2760 gi
2448 2702 2481 2742 a
2505 2685 2553 2742 D
2566 2702 2594 2742 a
2607 2703 2642 2743 u
2654 2686 2671 2741 i
2684 2684 2720 2742 d
2744 2683 3066 2742 inscribitur

1060 2780 1357 2841 consilium
1404 2777 1721 2835 fuerit-iam
1769 2778 1891 2835 eius
1930 2778 2099 2836 titulo
2143 2779 2279 2835 satis
2321 2778 2644 2847 declaratur,
2688 2778 2890 2836 etenim
2934 2794 3062 2835 cum

1060 2893 1168 2934 non
1211 2873 1390 2932 solum
1433 2871 1671 2946 gentiles
1714 2874 1772 2929 et
1810 2871 2064 2940 Iudaeos,
2100 2873 2199 2930 sed
2239 2873 2408 2930 etiam
2448 2873 2719 2946 quosdam
2759 2889 2823 2930 ex
2856 2871 3063 2930 Christi

1060 2967 1369 3029 cultoribus
1410 2965 1620 3040 duplici
1660 2966 1757 3023 illo
1789 2965 1939 3039 quod
1969 2966 2154 3024 Dauid
2194 2967 2494 3025 admiserat
2532 2966 2754 3035 delicte,
2789 2965 3061 3024 adulterio

1059 3067 1118 3122 et
1157 3059 1475 3129 homicidio,
1518 3058 1667 3117 band
1706 3059 1907 3117 leuiter
1946 3061 2149 3119 offendi
2188 3061 2443 3128 uidisset,
2477 3061 2686 3119 talibus
2727 3060 3061 3118 criminatio-

1058 3158 1222 3217 nibus
1271 3153 1495 3213 obuiam
1540 3153 1620 3211 ire
1668 3157 1836 3227 atque
1886 3155 2234 3213 sermonibus
2285 3155 2491 3213 habitis
2540 3171 2634 3212 eas
2684 3154 2895 3211 diluere
2935 3168 3062 3210 con-

1057 3250 1261 3312 stituit.
1312 3263 1421 3321 qua
1469 3263 1595 3305 cum
1643 3247 1962 3305 defensione
2011 3248 2180 3306 simul
2225 3249 2429 3324 psalmi
2479 3246 2923 3323 quinquagesimi
2965 3247 3061 3320 qui

1056 3343 1398 3403 inscribitur:
1447 3337 1543 3404 Εἰς
1593 3343 1652 3398 τό
1690 3342 1843 3407 τέλος
1883 3339 2095 3416 ψαλμὸς
2138 3350 2209 3416 τῷ
2251 3339 2465 3406 Δαουίδ,
2509 3338 2561 3397 ὲν
2600 3350 2673 3415 τῷ
2716 3339 2888 3396 ἐλθεῖν
2927 3341 3062 3415 πρὸς

1055 3433 1213 3494 αὐτὸν
1252 3431 1447 3492 Νάθαν
1487 3437 1574 3492 τὸν
1612 3438 1902 3511 προφήτην,
1942 3430 2098 3511 ἡνίκα
2137 3433 2358 3510 εἰσῆλθε
2396 3434 2529 3508 πρὸς
2566 3430 2860 3510 Βηρσαβεέ,
2893 3432 3057 3490 inter·

1053 3531 1417 3605 pretationem
1468 3528 1768 3588 coniunxit.
1820 3527 1968 3601 quod
2016 3543 2218 3583 munus
2267 3529 2593 3599 susceptum
2640 3526 2914 3600 quomodo
2956 3526 3057 3583 im-

1053 3625 1293 3700 pleuerit
1346 3641 1411 3681 ex
1451 3624 1531 3680 eis
1573 3639 1713 3697 quae
1752 3622 1983 3679 Kellner
2023 3638 2075 3694 p.
2123 3621 2229 3678 131
2275 3637 2394 3694 sqq.
2437 3621 2504 3678 de
2544 3620 2648 3678 hac
2696 3637 2752 3678 re
2793 3619 3060 3678 disseruit

1053 3719 1316 3794 colligere
1356 3717 1508 3775 licet.
1550 3717 1802 3774 Philonis
1852 3715 2134 3774 doctrinae
2174 3715 2480 3790 uestigium
2521 3732 2632 3773 uno
2676 3717 2888 3772 tantum
2931 3714 3056 3771 loco

1053 3815 1187 3883 311,
1227 3815 1294 3869 15
1338 3812 1693 3885 conspicitur.
1734 3811 1922 3885 magni
1960 3810 2096 3868 fecit
2133 3809 2279 3868 hunc
2319 3809 2519 3868 librum
2555 3809 2926 3884 Augustinus,
2959 3807 3057 3880 qui

1051 3907 1232 3964 tribus
1274 3905 1414 3962 locis
1456 3903 1779 3972 sententiae,
1814 3903 2017 3976 quibus
2059 3920 2123 3961 ea
2164 3920 2304 3976 quae
2345 3902 2553 3960 dixerat
2593 3901 2955 3970 confirmaret,
2991 3917 3054 3958 ex

1052 4000 1151 4058 illo
1210 3997 1446 4065 adtn¹it;
1491 3997 1559 4054 cf.
1619 4000 1806 4054 contra
1863 3996 2002 4055 duas
2058 3997 2223 4070 epist.
2264 3997 2451 4072 Pelag.
2489 3996 2600 4054 1111
2646 3996 2736 4064 11,
2778 3996 2852 4052 29
2893 3994 3053 4068 (337,
