4242 4694
1069 533 1183 590 450
1899 530 2245 578 Ambrosii

1073 705 1326 788 habetur.
1375 722 1520 780 aqua
1568 705 1864 763 decurrens
1906 723 1940 764 a
1976 704 2186 763 Libano
2228 708 2420 764 cautes
2458 721 2661 779 rupeas
2704 704 2904 773 soluit,
2950 720 3080 777 quo-

1071 799 1237 859 modo
1284 800 1552 859 mollibus
1601 802 1805 875 putant
1842 816 2194 874 nequaquam
2233 815 2430 859 nocere
2467 799 2784 859 uisceribus
2823 796 3080 856 uinolen-
3175 813 3204 861 Β

954 898 1029 957 65
1069 898 1254 955 torum
1285 895 1531 969 impetus
1562 893 1943 952 fluentorum?
1975 893 2245 953 elefantos
2271 909 2491 969 quoque
2513 896 2703 953 ferunt
2721 891 3080 968 promoscide

1074 988 1292 1048 haurire
1339 1004 1513 1063 aquae
1559 987 1883 1064 plurimum,
1936 987 2162 1047 eosdem
2209 991 2396 1046 tamen
2445 987 2516 1046 sd
2564 987 2866 1045 sedandam
2927 986 3082 1044 sitim

1075 1082 1357 1141 moderato
1398 1087 1536 1157 potu
1576 1098 1700 1141 esse
1742 1085 2056 1160 contentos„
2096 1082 2194 1140 sed
2234 1082 2284 1140 si
2322 1081 2464 1140 forte
2504 1082 2573 1140 ab
2606 1082 2792 1156 aliquo
2825 1097 3087 1155 caupone
3134 1099 3153 1134 s

1073 1177 1286 1236 fuerint
1330 1176 1585 1236 mercede
1630 1175 1893 1249 fraudati,
1939 1176 2292 1253 indignantes
2339 1176 2550 1251 replere
2599 1191 2910 1235 concauam
2963 1191 3089 1249 pro-

1075 1271 1360 1342 moscidis‚
1400 1286 1509 1330 non
1551 1273 1615 1329 ut
1652 1270 1908 1340 ebibant‚‚
1938 1271 2039 1329 sed
2070 1269 2371 1340 effundant,
2405 1272 2574 1344 atque
2605 1269 2664 1326 in
2694 1268 3091 1327 momentariis

1075 1362 1531 1423 inundationibus
1579 1363 1815 1440 inrigare
1865 1363 1986 1424 eius
2034 1364 2318 1423 tabernam
2368 1365 2436 1422 de
2485 1381 2594 1437 quo
2644 1380 2704 1422 se
2743 1365 3094 1438 putauerant

1076 1456 1457 1518 uindicandos.
1523 1457 1804 1517 siccantur
1866 1458 1936 1517 ad
1998 1462 2194 1533 potum
2259 1457 2447 1517 subito
2508 1458 2666 1517 lacus
2733 1474 2800 1516 ac
2855 1462 3090 1531 repente
3190 1463 3220 1513 c

1078 1550 1404 1621 funduntur,
1451 1556 1644 1611 natant
1690 1553 1899 1612 omnia:
1954 1554 2044 1611 cui
2091 1570 2199 1611 nou
2249 1552 2454 1611 mirum
2501 1556 2619 1610 tam
2667 1552 2944 1611 immania
2997 1552 3092 1610 be·
3123 1577 3162 1611 ιο

1077 1648 1296 1704 luarum
1337 1663 1568 1722 corpora
1605 1647 1948 1722 superfluum
1987 1648 2067 1705 nil
2104 1650 2333 1706 tenere?

889 1744 987 1823 18,
1005 1745 1081 1804 66
1162 1740 1270 1801 Sed
1317 1740 1451 1816 quid
1500 1742 1569 1800 de
1616 1742 1755 1800 uiris
1802 1741 2115 1817 loquamur,
2171 1741 2387 1816 quando
2436 1741 2606 1800 etiam
2645 1739 2906 1808 feminae,
2951 1755 3090 1814 quas
3182 1747 3216 1795 D

1084 1837 1304 1911 oportet
1350 1835 1735 1895 sollicitiorem
1783 1836 2030 1895 castitati
2081 1837 2400 1895 sobrietatis
2445 1835 2708 1894 adhibere
2748 1833 3088 1903 custodiam,

1080 1946 1259 2006 usque
1313 1929 1382 1988 ad
1440 1929 1765 1989 ebrietatem
1822 1930 2066 1990 bibunt?
2122 1930 2318 1990 deinde
2367 1932 2676 2007 surgentem
2724 1945 2866 2003 quas
2919 1930 3088 1988 eiiam

1079 2024 1225 2083 intra
1269 2032 1482 2083 secreta
1527 2024 1726 2083 domus
1776 2026 1871 2084 uel
1922 2024 2099 2083 audiri
2147 2025 2216 2083 ab
2264 2024 2458 2083 alienis
2506 2040 2614 2081 nou
2672 2023 2943 2081 conuenit
2995 2023 3084 2081 uel
3112 2044 3146 2079 ιι

1081 2117 1277 2188 uideri,
1316 2117 1537 2193 prodire
1575 2118 1632 2178 in
1671 2118 1962 2193 publicum
2001 2137 2110 2178 non
2149 2118 2338 2178 uelato
2378 2117 2580 2192 capite,
2624 2116 2785 2174 uultu
2824 2117 3083 2191 procaci!

1083 2213 1373 2287 apostolus
1411 2213 1676 2272 mulieres
1715 2216 1899 2275 tacere
1940 2214 2107 2273 etiam
2146 2214 2203 2271 in
2244 2213 2482 2272 ecclesia
2519 2213 2697 2280 iubet,
2737 2210 2896 2269 domi
2936 2211 3081 2269 uiros

1085 2322 1219 2365 suos
1260 2308 1532 2381 praecipit
1570 2308 1922 2383 interrogare.
1962 2308 2091 2366 illae
2131 2308 2189 2366 in
2228 2308 2430 2382 plateis
2470 2306 2872 2366 inuerecundos
2917 2305 3079 2364 etiam

1084 2400 1223 2460 uiris
1271 2400 1379 2460 sub
1428 2404 1730 2478 conspectu
1773 2401 2322 2461 adulescentulorum
2361 2400 2848 2476 intemperantium
2889 2400 3079 2459 choros
3134 2400 3154 2448 Ι

1087 2495 1316 2564 ducunt,
1364 2495 1634 2555 iactantes
1683 2513 1918 2566 comam,
1967 2496 2249 2555 trahentes
2295 2497 2535 2565 tunicas,
2576 2496 2785 2553 scissae
2825 2494 3073 2559 amictus,
3093 2511 3119 2549 s

1086 2588 1266 2647 nudae
1320 2589 1579 2659 lacertos,
1634 2589 1960 2664 plaudentes
2016 2590 2291 2659 manibus,
2348 2590 2615 2648 saltantes
2662 2588 2920 2662 pedibus,
2968 2603 3070 2662 per·

1248 2820 1270 2868 1
1308 2819 1445 2870 Cant.
1477 2822 1523 2878 4,
1560 2821 1617 2869 15
1739 2820 1797 2869 12
1828 2819 1939 2869 Bas.
1970 2822 2065 2870 445
2097 2818 2178 2870 Bc
2210 2819 2321 2882 (123
2355 2818 2515 2878 A—c)
2632 2819 2687 2866 17
2719 2818 2744 2866 I
2777 2817 2884 2868 Cor.
2921 2819 2988 2875 14,
3016 2817 3062 2865 34

1156 2977 1176 3025 l
1212 2976 1261 3039 a]
1295 2975 1357 3025 sd
1393 2975 1440 3025 G
1578 2990 1749 3037 rupeas
1782 2976 1830 3023 P
1858 2980 1902 3024 et
1937 2979 2075 3032 (corr.
2111 2978 2162 3023 et
2189 2978 2350 3036 rupes)
2381 2974 2435 3022 D
2465 2973 2552 3022 sub
2586 2987 2701 3036 rupe
2734 2973 2795 3021 P‘
2828 2972 3000 3035 rumpit
3024 2971 3062 3016 et

1086 3060 1173 3104 cet.
1268 3054 1299 3102 2
1330 3057 1503 3117 potant
1535 3057 1582 3113 (v
1605 3067 1644 3102 s.
1672 3057 1719 3113 o)
1752 3053 1803 3101 P
1924 3066 2220 3115 nequaquam
2247 3050 2352 3101 GH
2379 3065 2675 3113 nequaquam
2702 3065 2795 3098 non
2820 3051 2871 3099 P
2897 3056 2942 3099 et
2969 3050 3060 3109 (nou

1076 3136 1213 3195 βαρ.)
1247 3131 1317 3179 H¹
1349 3147 1443 3181 non
1473 3132 1527 3181 D
1558 3137 1602 3181 et
1636 3134 1771 3192 (ante
1800 3134 1972 3194 putant
2002 3130 2368 3192 transpositum)
2393 3129 2456 3177 P‘
2577 3129 2943 3187 uiolentulorum
2973 3128 3016 3190 (o
3033 3138 3064 3172 ε.

1087 3211 1189 3272 ulo)
1220 3211 1275 3260 P.
1377 3210 1405 3258 3
1439 3210 1671 3259 elefantes
1706 3208 1754 3260 G
1892 3208 2186 3272 promoscide
2219 3208 2267 3255 P
2294 3207 2591 3271 promuscide
2623 3212 2704 3256 cet.
2815 3208 2848 3256 4
2880 3200 3079 3260 eosdemX

1091 3304 1170 3337 eos
1200 3289 1263 3337 Ρ·
1379 3290 1407 3337 5
1438 3287 1753 3337 immoderato
1791 3279 1839 3338 θ’
1961 3288 2175 3351 potuisse
2206 3287 2257 3335 P
2283 3287 2525 3349 potauisse
2556 3285 2697 3348 (corr.
2732 3288 2850 3348 potu
2883 3287 3000 3344 esse)
3031 3275 3094 3330 D

1154 3370 1402 3416 contentus
1434 3366 1531 3415 PG
1594 3367 1622 3416 6
1655 3367 1838 3429 replere
1868 3380 2018 3428 usque
2050 3365 2121 3414 ad
2150 3380 2254 3414 cum
2288 3367 2338 3415 ct
2369 3367 2442 3425 (p.
2472 3367 2577 3412 452
2605 3367 2763 3426 0910)
2789 3378 2879 3413 om.
2905 3362 2975 3411 H.
3007 3367 3114 3409 ατ·

1092 3445 1212 3494 cidit
1240 3444 1416 3505 folium
1564 3443 1916 3506 promoscbides
1940 3443 2035 3492 PG
2066 3441 2385 3504 promoscides
2409 3442 2461 3490 D
2492 3446 2536 3489 et
2567 3442 2613 3503 (e
2645 3455 2704 3489 ex
2734 3447 2782 3498 a)
2806 3441 2867 3489 P‘
2900 3446 3138 3504 promit·

1091 3521 1234 3571 scidis
1269 3520 1340 3568 H‘
1426 3523 1453 3570 7
1486 3521 1828 3570 momentaneis
1861 3521 1973 3569 ΒΡ
2066 3523 2095 3570 9
2128 3518 2415 3568 uindicando
2452 3519 2497 3567 G
2594 3518 2654 3567 10
2683 3518 2901 3567 funditur
2931 3518 2985 3567 D
3014 3507 3162 3583 (ἐῶ

1091 3599 1414 3663 fundituntur)
1445 3598 1507 3648 P¹
1686 3599 1931 3662 immania]
1963 3600 2014 3647 in
2047 3599 2141 3647 alis
2178 3598 2222 3647 G
2385 3598 2441 3646 13
2474 3601 2662 3660 oportet
2696 3599 2741 3656 (e
2774 3611 2833 3646 ex
2863 3598 2881 3645 i
2911 3599 3012 3656 ¹0⁸2)

1154 3677 1459 3729 solitudinem
1491 3678 1716 3741 castigati
1752 3678 1797 3728 G
1947 3677 2206 3726 costodiam
2237 3677 2288 3725 P
2412 3677 2468 3726 15
2499 3677 2625 3724 inter
2662 3675 2769 3724 GH
2905 3642 3195 3724 munifi&

1094 3757 1163 3806 eis
1193 3757 1309 3807 DP‘
1405 3758 1461 3806 16
1493 3757 1699 3820 prodire]
1734 3757 1811 3806 uel
1844 3756 2032 3820 prodire
2064 3756 2177 3804 DP‘
2300 3755 2538 3817 puplicum
2572 3754 2620 3801 P
2725 3753 2784 3802 18
2815 3740 3199 3802 inuerecmae

1094 3836 1168 3885 dis
1201 3834 1272 3884 H‘
1397 3836 1540 3884 etism
1572 3850 1663 3886 om.
1699 3835 1745 3883 G
1842 3836 1899 3883 19
1934 3837 2186 3896 conspectu
2221 3837 2269 3892 (o
2302 3847 2360 3882 eoe
2390 3835 2440 3892 u)
2465 3833 2514 3880 P
2638 3810 3209 3880 ειιίιιΙ«εεοειιίιιίοιίιι.κί’ὓ

1099 3915 1147 3965 G
1176 3915 1627 3964 aduliscentulorum
1657 3915 1793 3964 Pml
1825 3914 2280 3963 adolescentulorum
2313 3914 2457 3961 Pm2
2480 3911 2549 3959 H‘
2549 3911 2603 3960 D
2635 3888 3207 3959 adolescentulam&¹

1096 3994 1156 4042 P‘
1282 3993 1331 4039 in
1364 4006 1414 4041 se
1447 3994 1763 4055 spectantium
1797 3993 1868 4040 H‘
1962 3993 2019 4041 21
2054 3992 2198 4040 lacer·
2205 3995 2282 4039 tos
2314 3992 2363 4052 (a
2394 3992 2537 4049 eras.)
2568 3989 2617 4036 P
