4242 4694
1151 500 1265 555 222
1977 495 2330 543 Ambrosii·

991 664 1145 737 o,16
1228 668 1337 728 Sed
1379 668 1449 726 ad
1488 668 1806 743 propositae
1847 669 2006 726 nobis
2047 667 2508 742 interpellationis
2550 665 2749 724 seriem
2790 670 3154 725 reuertamur.
3207 666 3229 715 θ

1148 764 1412 820 multas
1447 763 1628 836 inquit
1669 763 2151 820 contritiones
2191 763 2372 820 feeit
2410 762 2600 819 mihi.
2643 761 3022 836 respirare
3060 777 3154 818 me

1147 873 1275 913 non
1312 857 1510 924 sinit,
1546 856 1885 930 impleuit
1915 874 2015 913 me
2046 856 2557 924 amaritudine3
2586 859 2655 914 et
2677 856 2851 930 quia
2874 855 3152 913 uirtute

1148 954 1259 1009 est
1305 953 1581 1024 potensi,
1633 968 1830 1009 nemo
1879 954 2126 1024 potest
2164 951 2438 1009 iudicio
2483 952 2638 1009 eius
2678 950 3059 1009 resistere.
3099 949 3150 1007 si

1145 1044 1393 1103 iustus
1451 1062 1599 1101 sum
1661 1045 1888 1114 corde,
1946 1046 2202 1121 lingua
2255 1063 2401 1103 mea
2451 1050 2656 1105 errat.
2708 1062 3045 1120 magnum
3091 1046 3153 1101 et
3189 1062 3207 1096 s

1146 1143 1514 1212 potentem
1575 1125 1938 1211 disperdit
1993 1139 2114 1197 ira.
2173 1138 2472 1213 improbi
2530 1139 2595 1195 in
2652 1140 2883 1196 morte
2932 1138 3149 1213 graui,

1146 1233 1331 1290 iusti
1382 1237 1613 1289 autem
1667 1231 2101 1297 inridentur;
2145 1232 2293 1291 dati
2342 1235 2511 1291 sunt
2561 1233 2739 1290 enim
2787 1232 2857 1290 in
2908 1247 3149 1290 manua

1147 1327 1367 1400 impii.
1418 1327 1547 1384 uide
1599 1327 1832 1400 singula.
1873 1327 2199 1400 potentibus
2238 1327 2321 1384 ira
2361 1345 2464 1385 sua
2502 1330 2591 1384 est
2629 1327 2839 1401 grauia,
2881 1325 3148 1400 improbis

1147 1422 1411 1494 nequitia.
1452 1421 1618 1477 iustis
1660 1421 2001 1478 condicionis
2043 1421 2352 1479 infirmitas.
2393 1422 2476 1479 ita
2514 1422 2653 1479 nihil
2682 1421 2936 1494 periculo
2971 1423 3145 1479 uacat.

1143 1516 1415 1573 fortitudo
1457 1519 1513 1572 et
1544 1515 1868 1590 magnitudo
1904 1515 2011 1572 uiri
2046 1532 2149 1573 sua
2177 1519 2458 1588 potestate
2492 1515 2783 1589 decipitur,
2818 1514 3147 1589 improbitas
3171 1519 3229 1567 ιο·

1145 1609 1480 1676 adflictatur,
1523 1610 1704 1666 uirtus
1744 1608 1974 1666 ridetur.
2017 1609 2129 1676 ille,
2174 1611 2304 1683 quia
2342 1611 2471 1683 plus
2511 1612 2715 1682 potest.
2756 1609 2991 1676 labitur,
3025 1608 3145 1675 iste,

1145 1703 1273 1775 quia
1305 1702 1448 1759 nihil
1480 1705 1682 1775 potest,
1719 1702 2014 1777 adfligitur.
2053 1702 2391 1760 condicionis
2435 1706 2523 1760 est
2564 1702 2781 1768 uitium,
2825 1702 2964 1775 quia
3002 1702 3146 1759 uita

1145 1799 1395 1854 nostra
1435 1796 1673 1854 leuior
1711 1801 1823 1853 est
1862 1813 2185 1864 cursore3
2221 1797 2588 1863 transmit,
2623 1799 2692 1854 et
2722 1797 2911 1854 nihil
2942 1796 3146 1854 uidit.

1144 1893 1504 1964 tamquam
1570 1890 1771 1946 nauis
1838 1889 2233 1964 uestigium
2300 1894 2420 1947 aut
2483 1890 2766 1963 aquilae
2822 1890 3146 1949 uolantis

1144 1984 1561 2058 quaerentis
1627 1997 1884 2052 eseam,
1937 1984 2017 2041 ita
2072 1984 2334 2057 praeterit
2392 1989 2450 2042 et
2506 1985 2623 2042 uita
2677 1984 2940 2044 hominis.
3002 1984 3213 2059 quoda

1140 2079 1436 2152 loquimur,
1482 2077 1904 2145 obliuiscimur,
1967 2093 2069 2134 nee
2116 2078 2295 2135 ullum
2359 2078 2643 2138 transitus,
2691 2078 2867 2136 nostri
2927 2078 3149 2156 insigne

1145 2172 1575 2245 deprehenditur
1636 2172 1744 2229 nisi
1808 2172 1953 2245 quod
2023 2173 2100 2229 sit
2160 2172 2382 2245 plenum
2448 2173 2711 2229 maeroris
2767 2177 2825 2230 et
2881 2174 3148 2248 gemitus.

1147 2266 1528 2324 concutior
1567 2267 1749 2340 inquit
1790 2268 2116 2324 omnibus
2159 2267 2509 2326 membris,
2553 2267 2823 2325 utinam
2872 2268 2977 2326 ait
3028 2284 3149 2327 me-

1146 2359 1384 2417 diator
1416 2363 1658 2416 noster
1692 2364 1760 2417 et
1791 2377 2094 2433 arguens
2128 2363 2195 2416 et·
2229 2360 2636 2418 diiudicans
2668 2361 2861 2418 inter
2890 2364 3151 2422 utrum-

1144 2471 1275 2526 que
1317 2456 1656 2510 nostrum.
1695 2453 1920 2511 dicam
1956 2453 2268 2511 domino:
2303 2471 2519 2527 quare
2554 2454 2656 2511 sie
2688 2471 2788 2512 me
2820 2455 3152 2515 iudicas?
3179 2472 3221 2508 ι·

1145 2564 1223 2604 an
1273 2547 1527 2604 bonum
1578 2548 1717 2604 tibi
1770 2552 2004 2604 estut
2055 2565 2179 2623 ego
2228 2548 2550 2605 iniustus
2600 2549 2747 2613 sim,
2798 2550 2970 2622 quia
3009 2568 3152 2625 rep-

1141 2642 1407 2714 pulisti
1441 2659 1656 2713 opera
1688 2659 2008 2699 manuum
2035 2645 2309 2699 tuarum
2338 2646 2406 2700 et
2431 2643 2738 2700 oonsilio
2764 2643 3151 2716 impiorum

1144 2734 1579 2794 intendisti?
1661 2736 1998 2810 numquid
2080 2738 2271 2793 sicut
2339 2739 2670 2796 mortalis
2742 2739 2967 2807 uidet,
3046 2740 3153 2798 sie

1145 2829 1442 2886 uideas?
1501 2832 1623 2886 aut
1681 2830 1832 2886 uita
1887 2835 2008 2887 tua
2055 2830 2249 2887 sicut
2296 2830 2605 2889 hominis
2653 2835 2774 2889 aut
2821 2834 2994 2892 anni
3044 2835 3155 2893 tui

1145 2923 1337 2980 siout
1401 2923 1558 2991 uiri,
1624 2924 1790 2997 quia
1854 2924 2244 2996 exquisisti
2309 2924 2745 2998 iniquitates
2811 2943 3010 2986 meas
3083 2934 3228 2987 eta

1142 3020 1441 3091 peccata
1488 3034 1635 3074 mea
1683 3018 2205 3092 inuestigasti‘?
2255 3018 2447 3075 nosti
2498 3020 2677 3075 enim
2717 3020 2887 3092 quia
2926 3020 3153 3097 impie

1145 3127 1274 3168 non
1318 3111 1547 3186 gessi;
1593 3110 1713 3168 sed
1755 3110 1912 3184 quis
1949 3111 2207 3183 estqui
2242 3111 2320 3167 de
2354 3111 2676 3168 manibus
2709 3113 2859 3170 tuis
2895 3116 3154 3176 eruat?

1300 3372 1329 3418 ἱ).
1362 3370 1447 3418 Iob
1482 3372 1525 3427 9,
1564 3372 1761 3428 17-20,
1795 3372 1979 3419 22—24
2081 3372 2137 3418 12
2171 3371 2254 3418 Iob
2288 3373 2333 3427 9,
2367 3372 2427 3421 25
2461 3387 2530 3434 sq.
2632 3373 2688 3420 18
2721 3372 2807 3421 Iob
2841 3376 2886 3430 9.
2922 3376 2983 3423 28
3012 3381 3067 3425 et
3091 3378 3155 3426 33

1143 3449 1205 3497 20
1238 3449 1322 3497 Iob
1360 3449 1432 3506 10,
1465 3451 1585 3497 2-7

1207 3622 1238 3669 4
1271 3621 1370 3668 eins
1404 3620 1577 3669 iudicio
1611 3620 1660 3666 B
1769 3621 1799 3667 9
1831 3623 1977 3681 uagat
2008 3620 2057 3667 P
2150 3620 2204 3667 11
2241 3619 2423 3667 ridetur
2460 3620 2501 3667 C
2529 3620 2708 3668 ridetur
2737 3622 2922 3671 ridetur
2953 3623 3004 3671 P
3037 3626 3150 3683 (alt.

1144 3698 1327 3745 ridetur
1353 3713 1391 3745 ε.
1424 3713 1473 3745 u.
1507 3701 1606 3755 2722)
1642 3703 1724 3745 cet.
1816 3701 1872 3745 14
1905 3698 2112 3745 uolantis
2147 3702 2197 3745 et
2218 3699 2330 3746 DP¹
2420 3701 2477 3747 15
2509 3700 2711 3746 hominis
2744 3701 2792 3748 P
2820 3703 2855 3762 (i
2892 3703 2977 3750 alt.
3016 3718 3081 3752 ex
3104 3710 3150 3761 e)

1148 3777 1204 3824 19
1249 3779 1299 3824 et
1340 3792 1544 3838 arguens
1587 3781 1638 3824 et
1678 3777 1850 3837 scripsi
1892 3778 1988 3838 (καὶ
2021 3776 2219 3840 ἐλέγχων
2249 3777 2326 3822 καὶ
2359 3776 2582 3824 &zano-'mv
2621 3779 2792 3837 LXX)
2839 3784 2891 3827 et
2934 3795 3153 3842 arguens

1143 3852 1348 3902 PDPG
1377 3869 1576 3915 arguens
1608 3858 1658 3903 et
1688 3855 1737 3901 B
1799 3856 1855 3903 21
1892 3856 2095 3901 iniustus
2129 3856 2175 3901 B
2208 3856 2276 3912 (in
2307 3870 2342 3901 ε.
2377 3856 2445 3913 u.)
2479 3856 2631 3903 iustus
2665 3857 2776 3904 [11²⁴
2841 3860 2902 3906 22
2937 3864 2987 3906 et
3012 3859 3152 3916 DP',

1145 3950 1234 3983 om.
1271 3940 1353 3983 cet.
1449 3935 1509 3983 23
1544 3934 1677 3981 uides
1708 3934 1756 3980 B
1850 3935 1909 3981 26
1943 3949 2036 3980 non
2070 3934 2212 3995 impie
2246 3934 2370 3993 gessi
2406 3934 2453 3979 B
2548 3935 2606 3983 27
2641 3939 2833 3984 eruatur
2867 3936 2963 3984 Dc
