4242 4694
966 1831 1038 1889 36

1045 1570 1089 1605 10

1043 2043 1089 2078 15

1192 528 1262 575 De
1286 526 1523 588 interpell.
1541 525 1626 573 101,
1654 529 1703 573 et
1719 524 1877 573 Dauid
1893 524 1991 573 1111
2008 523 2095 585 (11)
2113 525 2158 574 9.
2182 526 2254 582 ιο,
2272 524 2459 575 34-36
2493 524 2537 585 (Ι
2553 514 2858 575 651F-652
2872 525 2947 586 p),
3003 529 3116 586 295

1119 703 1172 758 in
1216 703 1373 757 sexto
1414 700 1654 773 legimus
1694 699 1926 773 psalmo,
1958 698 2050 756 bic
2084 698 2162 756 ait
2191 699 2542 757 iuuentutem
2576 698 2683 757 sibi
2716 716 2779 757 ex
2809 698 3121 758 inueterata

1118 795 1485 869 prolapsionis
1519 795 1791 852 humanae
1820 795 2104 852 senectute
2129 795 2468 852 renouatam.
2493 808 2824 852 renouamur
2853 794 2998 852 enirn
3021 811 3120 869 per

1118 888 1328 945 lauacri
1383 887 1867 963 regenerationem,
1924 903 2255 944 renouamur
2307 904 2406 961 per
2460 886 2688 961 spirltus
2745 888 2923 945 sancti
2985 888 3119 945 effu-

1121 983 1351 1051 sionem,
1424 982 1814 1040 renouabimur
1883 982 2051 1039 etiam
2121 998 2221 1056 per
2288 981 2763 1050 resurrectionem,
2836 982 2987 1040 sicut
3060 980 3116 1040 in

1120 1077 1518 1151 posterioribus
1544 1076 1712 1135 dicit:
1735 1076 2206 1135 renouabitur
2230 1075 2424 1135 sicut
2455 1077 2739 1151 aquilae
2772 1076 3116 1136 iuuentus

1119 1175 1259 1229 tua.
1305 1171 1582 1245 quomodo
1623 1188 1953 1229 renouemur
1992 1171 2153 1229 audi:
2198 1187 2538 1246 asperges
2587 1188 2686 1229 me
2734 1171 3002 1246 hysopo
3053 1175 3120 1229 et
3161 1176 3198 1228 G

1120 1265 1523 1334 mundabor,
1575 1264 1859 1322 lauabis
1910 1281 2008 1322 me
2060 1268 2128 1322 et
2176 1281 2391 1338 super
2441 1265 2672 1323 niuem
2715 1265 3117 1324 dealbabor.

1120 1363 1177 1416 et
1200 1360 1254 1416 in
1281 1359 1446 1417 Esaia
1471 1360 1580 1416 ait:
1608 1359 1666 1416 si
1693 1359 1969 1416 fuerint
1991 1361 2289 1432 peccata
2320 1364 2572 1417 nes-tra
2601 1362 2679 1416 nt
2709 1359 3118 1429 foenicium,

1120 1460 1197 1511 ut
1247 1455 1478 1513 niuem
1527 1454 1888 1512 dealbabo.
1938 1457 2087 1512 recte
2126 1457 2427 1512 renouatur
2465 1454 2562 1528 qui
2605 1454 2670 1512 de
2710 1454 2954 1513 tenebris
2994 1471 3119 1529 pec-

1121 1555 1369 1607 catorum
1410 1550 1465 1607 in
1505 1550 1692 1607 lucem
1732 1549 2008 1607 uirtutum
2048 1552 2301 1607 mutatur
2340 1551 2397 1607 et
2437 1549 2689 1624 gratiam,
2721 1551 2789 1607 ut
2820 1548 2913 1622 qui
2944 1550 3122 1607 taetra

1119 1641 1274 1717 prius
1325 1643 1654 1702 conluuione
1703 1644 1962 1702 sordebat
2009 1660 2178 1719 supra
2224 1643 2413 1702 niuem
2453 1644 2660 1702 albenti
2700 1644 2866 1702 nimis
2904 1643 3122 1719 fulgore

1119 1736 1488 1812 resplendeat.

1200 1830 1623 1889 Confitebor
1698 1831 1834 1889 tibi
1917 1831 1982 1888 in
2057 1831 2351 1902 cithara,
2424 1830 2597 1892 deus
2668 1849 2879 1894 meus.
2953 1831 3123 1890 babet
3153 1840 3196 1889 D

1121 1927 1388 1984 citharam
1446 1942 1605 1984 suam
1663 1925 1845 1983 anima
1898 1927 2118 1993 nostra;
2176 1942 2355 1999 neque
2411 1925 2559 1985 enim
2614 1926 2823 1985 diceret
2860 1917 3120 1984 ‘Paulust

1124 2021 1333 2078 orabo
1392 2019 1680 2094 spiritu,
1740 2019 1951 2077 orabo
2009 2021 2078 2077 et
2132 2021 2397 2077 mente:
2463 2020 2768 2094 psallam
2832 2021 3120 2094 spiritu,

1121 2115 1425 2188 psallam
1489 2116 1557 2171 et
1618 2117 1866 2181 mente,
1924 2112 2030 2171 nisi
2077 2112 2317 2175 ,haberet
2371 2112 2660 2185 citharam,
2715 2131 2855 2189 quae
2910 2114 3121 2189 plectro

1124 2208 1302 2265 sancti
1368 2208 1599 2281 spiritus
1660 2208 1972 2284 resultaret.
2038 2206 2249 2266 cithara
2311 2209 2401 2268 est
2459 2223 2585 2267 caro
2638 2212 2846 2279 nostra,
2903 2208 3120 2283 quando

1121 2304 1348 2376 peccato
1381 2301 1632 2372 moritur,
1664 2305 1729 2359 ut
1761 2300 1863 2359 deo
1895 2300 2086 2358 uiuat:
2119 2300 2334 2359 cithara
2365 2303 2471 2373 est,
2496 2300 2717 2376 quando
2741 2301 3121 2376 septiformem
3160 2311 3199 2360 Ε

1121 2396 1325 2470 accipit
1366 2395 1625 2469 spiritum
1665 2396 1723 2453 in
1764 2394 2120 2469 baptismatis
2153 2396 2517 2456 sacramento.
2551 2396 2776 2454 testudo
2811 2396 2957 2454 enim
2990 2396 3122 2455 dum

1122 2490 1289 2559 uiuit,
1321 2489 1457 2547 luto
1506 2489 1807 2565 mergitum
1850 2488 1948 2546 ubi
1987 2492 2209 2548 mortua
2246 2490 2435 2560 fuerit,
2475 2493 2696 2567 tegmen
2738 2490 2860 2548 eius
2901 2494 3124 2564 aptatur

1123 2584 1178 2639 in
1221 2600 1386 2640 usum
1420 2582 1649 2640 canendi
1682 2584 1739 2641 et
1769 2583 1895 2658 piae
1928 2583 2162 2657 gratiam
2196 2582 2540 2657 disciplinae,
2572 2585 2639 2643 ut
2669 2587 2885 2658 septem
2917 2602 3121 2644 uocum

1125 2677 1443 2733 discrimina
1498 2676 1743 2734 numeris
1799 2676 2216 2734 modulantibus
2273 2677 2625 2750 obloquatur.
2683 2678 2941 2737 similiter
2996 2696 3120 2739 caro

1124 2772 1328 2832 nostra.
1372 2770 1420 2827 si
1461 2770 1620 2827 uiuat
1655 2769 1947 2828 inlecebris
1982 2771 2380 2844 corporalibus,
2408 2771 2467 2829 in
2500 2771 2738 2845 quodam
2772 2789 2941 2833 caeno
2975 2773 3124 2832 uiuit

1124 2868 1181 2921 et
1234 2863 1498 2939 uoragine
1553 2864 1937 2937 uoluptatum:
1997 2866 2045 2922 si
2099 2866 2347 2924 luxuriae
2403 2867 2672 2925 moriatur
2724 2870 2891 2942 atque
2938 2867 3121 2926 incon-

1123 2959 1408 3027 tinentiae,
1472 2961 1605 3016 tunc
1669 2974 1855 3015 ueram
1919 2958 2095 3016 uitam
2164 2960 2420 3030 resumit,
2489 2965 2624 3019 tunc
2694 2961 2855 3020 edere
2924 2961 3124 3035 incipit
3159 2971 3197 3021 Β

1126 3053 1394 3111 bonorum
1451 3069 1680 3126 operum
1737 3051 1899 3111 dulce
1954 3052 2326 3112 modulamen.
2377 3054 2557 3113 dulcis
2606 3072 2775 3114 sonus
2824 3059 2913 3115 est
2958 3056 3121 3115 casti—

1281 3226 1309 3272 5
1357 3222 1531 3271 Psalm.
1567 3220 1653 3269 CII
1687 3226 1715 3272 5
1841 3222 1872 3269 6
1911 3221 2088 3272 Psalm.
2119 3221 2159 3269 L
2191 3223 2221 3269 9
2347 3221 2377 3269 8
2416 3221 2545 3270 Esai.
2582 3223 2625 3279 1.
2661 3222 2718 3272 18
2847 3224 2904 3274 13
2945 3224 3117 3274 Psalm.

1123 3299 1348 3348 xxxxn
1379 3303 1410 3349 4
1508 3303 1565 3351 15
1597 3299 1622 3348 Ι
1655 3299 1760 3352 Cor.
1796 3301 1869 3357 14,
1905 3301 1963 3349 15
2059 3302 2117 3348 21
2153 3299 2298 3363 Uerg.
2329 3298 2447 3349 Aen.
2481 3300 2550 3349 VI
2580 3302 2672 3350 646

1193 3434 1212 3481 1
1250 3436 1380 3482 sexto
1413 3433 1462 3481 P
1493 3438 1561 3493 (se
1593 3448 1631 3482 s.
1664 3449 1712 3482 u.
1746 3433 1849 3496 m2)
1959 3434 1990 3482 2
2023 3434 2168 3496 enim]
2200 3448 2313 3496 ergo
2346 3433 2459 3482 DP'
2567 3434 2597 3484 3
2631 3434 2785 3483 sancti
2817 3434 3012 3497 spiritus
3044 3434 3117 3483 in·

1122 3513 1354 3561 fusionem
1386 3513 1435 3560 Β
1544 3514 1572 3562 6
1607 3528 1803 3576 asperge
1833 3513 1884 3561 P
1990 3513 2019 3562 8
2053 3513 2181 3561 eseia
2209 3513 2260 3561 P
2288 3513 2336 3576 (a
2366 3527 2406 3562 s.
2437 3517 2509 3573 u.)
2684 3516 2741 3561 ut
2770 3513 2821 3562 P
2847 3518 2893 3562 et
2925 3513 2999 3573 (in
3029 3529 3117 3578 my.

1121 3594 1204 3639 m2
1235 3593 1286 3639 al
1316 3593 1457 3652 sicut)
1490 3591 1538 3639 Β
1569 3593 1694 3640 sicut
1725 3596 1806 3642 cet.
2045 3592 2300 3641 foenicium
2332 3592 2381 3641 P
2419 3594 2467 3654 (o
2498 3606 2537 3643 ε.
2571 3595 2639 3651 ιι.)
2673 3592 2725 3641 D
2756 3592 2981 3642 fenicium
3012 3593 3121 3642 ΡΟ

1122 3671 1381 3720 coccinium
1407 3670 1453 3717 Β
1486 3671 1561 3734 (in
1583 3686 1670 3733 my.
1695 3673 1779 3719 m2
1811 3671 1863 3719 a}
1886 3671 2125 3729 fenitium)
2226 3671 2285 3720 10
2316 3672 2470 3720 lucem
2491 3672 2542 3720 P
2564 3678 2610 3732 (c
2632 3686 2671 3719 s.
2695 3672 2765 3732 u.)
2865 3672 2918 3720 11
2955 3671 3115 3732 nimis]

1121 3749 1247 3796 niuis
1279 3748 1391 3797 DP‘
1547 3747 1732 3810 fulgore
1762 3749 1813 3797 P
1843 3752 1890 3808 (o
1924 3764 1982 3798 a
2013 3754 2063 3807 u)
2098 3748 2285 3812 fulgure
2318 3749 2378 3797 P¹
2508 3751 2565 3801 13
2609 3748 2725 3799 deus
2758 3748 2873 3799 deus
2905 3763 3037 3798 meus
3069 3748 3117 3796 Β

1125 3828 1181 3884 16
1215 3828 1413 3889 psallam
1433 3865 1443 3874 .
1464 3863 1475 3876 .
1495 3832 1681 3876 .‘mente
1715 3842 1804 3876 om.
1838 3827 1950 3876 ΒΡ
2137 3829 2339 3890 psallam
2371 3829 2420 3877 P
2449 3832 2490 3889 (s
2523 3843 2560 3879 a.
2593 3833 2662 3887 u.)
2821 3828 3116 3890 2l·gratiam

1119 3906 1168 3953 P
1198 3907 1353 3968 gratia
1373 3906 1421 3954 Β
1455 3906 1527 3965 (in
1552 3921 1638 3969 my.
1662 3910 1745 3955 m2
1769 3907 1821 3954 al'
1847 3907 2067 3969 gratiam)
2092 3913 2177 3956 cet.
2275 3909 2335 3956 22
2367 3908 2720 3957 modolantibus
2742 3907 2792 3955 P
2814 3910 2864 3969 (v
2886 3920 2925 3956 s.
2951 3921 2978 3953 o
3006 3906 3113 3963 alt.)

1120 3985 1180 4032 24
1212 3987 1488 4046 uoraginem
1521 3984 1570 4032 P
1599 3987 1664 4045 (m
1696 3985 1809 4045 dele)
1938 3985 2142 4034 luxoriae
2175 3985 2223 4032 P
2313 3986 2375 4036 25
2407 3986 2607 4034 resumit
2637 3985 2685 4034 P
2714 3986 2762 4049 (u
2793 3999 2832 4034 ε.
2862 3984 2934 4046 u.)
