4242 4694
1049 539 1159 595 192
1868 536 2211 585 Ambrosii

1041 710 1333 767 inuenerit.
1386 709 1485 766 ubi
1536 708 1681 765 enim
1735 725 1826 766 cor
1874 709 2118 766 hominis
2166 709 2246 765 ibi
2288 711 2345 765 et
2383 711 2720 766 thensaurus
2762 709 2888 767 eius
2930 712 3054 777 est;

1040 820 1148 861 non
1176 803 1321 860 enim
1358 804 1502 861 solet
1533 803 1738 859 bonum
1776 802 1968 861 datum
2004 803 2428 876 deprecantibus
2463 803 2722 861 dominus
2755 803 3051 878 denegare.

1041 913 1170 970 ergo
1229 898 1360 969 quia
1416 898 1598 954 honus
1658 896 1912 953 dominus
1972 902 2059 954 est
2115 900 2172 953 et
2226 897 2462 954 maxime
2520 897 2933 955 sustinentibus
2992 914 3052 955 se

1041 991 1219 1048 bonus
1248 994 1351 1059 est,
1378 992 1485 1064 ipsi
1514 991 1930 1059 adhaereamu3‚
1961 1008 2087 1048 cum
2114 992 2237 1064 ipso
2263 992 2440 1048 simus
2473 994 2594 1049 tota
2624 992 2812 1049 anima
2841 994 3049 1060 nostra,

1040 1088 1159 1143 toto
1203 1086 1384 1152 corde,
1426 1088 1544 1143 tota
1584 1086 1814 1151 uirtute,
1857 1088 1923 1142 ut
1964 1086 2140 1142 simus
2182 1087 2235 1142 in
2269 1085 2479 1143 lumine
2515 1087 2636 1144 eius
2664 1087 2724 1144 et
2753 1086 3049 1144 uideamus
3096 1103 3118 1139 ε

1042 1180 1163 1237 eius
1205 1179 1440 1253 gloriam
1482 1183 1539 1237 et
1573 1179 1957 1237 delectationis
1993 1196 2260 1254 supernae
2293 1180 2543 1237 fruamur
2575 1180 2769 1254 gratia.
2804 1179 2877 1237 ad
2906 1179 3051 1238 illud

1041 1274 1216 1347 igitur
1256 1274 1460 1330 bonum
1504 1274 1783 1348 erigamus
1826 1274 2040 1330 animos
2083 1275 2223 1331 etin
2255 1275 2353 1331 illo
2395 1275 2572 1331 simus
2611 1277 2779 1347 atque
2820 1273 2877 1332 in
2924 1276 3050 1348 ipso
3144 1276 3173 1327 G

1040 1369 1321 1437 uiuamus,
1374 1368 1480 1442 ipsi
1532 1368 1948 1436 adhaereamus,
2000 1368 2148 1441 quod
2198 1371 2286 1425 est
2334 1384 2502 1440 supra
2542 1383 2759 1424 omnem
2803 1372 3049 1427 mentem

1041 1466 1098 1519 et
1131 1478 1347 1519 omnem
1384 1462 1880 1519 considerationem
1917 1463 1974 1518 et
2004 1478 2138 1533 pace
2174 1462 2352 1518 utitur
2382 1462 2649 1534 perpetua
2680 1477 2745 1519 ac
2775 1462 3047 1535 tranquil-

1041 1555 1217 1618 litate,
1262 1572 1363 1628 pax
1405 1558 1591 1612 autem
1638 1571 1804 1627 supra
1845 1571 2063 1613 omnem
2105 1557 2346 1611 mentem
2390 1558 2478 1612 est
2517 1558 2574 1613 et
2613 1571 2782 1628 supra
2824 1572 3045 1614 omnem
3076 1574 3115 1609 ιο

1042 1666 1287 1706 sensum.
1338 1648 1444 1706 hoc
1494 1653 1584 1705 est
1627 1649 1855 1717 bonum,
1907 1648 2054 1721 quod
2102 1652 2357 1722 penetrat
2405 1649 2604 1718 omnia,
2655 1652 2712 1706 et
2749 1666 2948 1708 omnes
2988 1650 3045 1708 in

1041 1744 1162 1816 ipso
1192 1742 1440 1799 uiuimus
1475 1745 1640 1814 atque
1673 1759 1734 1799 ex
1767 1743 1888 1814 ipso
1923 1742 2233 1814 pendimus,
2266 1742 2451 1816 ipsum
2486 1746 2671 1801 autem
2704 1743 2845 1802 nihil
2877 1759 3048 1818 supra

1041 1854 1100 1894 se
1141 1838 1324 1904 habet,
1369 1837 1464 1894 sed
1506 1840 1593 1894 est
1633 1837 1918 1903 diuinum;
1960 1854 2120 1894 nemo
2166 1837 2310 1894 enim
2352 1837 2534 1895 bonus
2565 1838 2675 1895 nisi
2705 1855 2853 1896 unus
2886 1837 3043 1896 deus.

1042 1932 1190 2005 quod
1239 1948 1369 2006 ergo
1418 1933 1626 1989 bonum
1677 1931 1928 1989 diuinum
1969 1935 2025 1988 et
2066 1932 2213 2005 quod
2255 1931 2507 1990 diuinum
2547 1931 2774 1990 bonum.
2819 1935 2878 1991 et
2916 1932 3043 1990 ideo

1042 2025 1269 2083 dicitur:
1290 2026 1654 2099 aperiente
1680 2028 1748 2082 te
1774 2042 2041 2082 manum
2066 2025 2520 2098 implebuntu
2541 2043 2567 2082 r
2592 2026 2823 2083 omnia
2855 2026 3113 2084 boni-15

1041 2123 1217 2187 tate;
1252 2136 1351 2192 per
1381 2119 1688 2177 bonitatem
1722 2119 1868 2176 enim
1904 2119 1992 2175 dei
2027 2119 2185 2175 nobis
2213 2119 2471 2177 uniuersa
2495 2119 2818 2178 tribuuntur
2838 2125 3040 2179 merito
3137 2125 3172 2174 D

1042 2216 1201 2280 bona,
1253 2213 1456 2287 quibus
1507 2213 1645 2270 nihil
1695 2213 2001 2270 admixtum
2052 2219 2138 2271 est
2184 2214 2334 2272 mali.
2385 2215 2519 2271 haec
2572 2213 2715 2272 bona
2761 2216 3043 2289 promittit

1043 2308 1319 2380 scriptura
1338 2306 1598 2365 fidelibus
1627 2308 1849 2366 dicens:
1885 2324 2059 2381 quae
2093 2308 2268 2365 bona
2302 2311 2465 2365 sunt
2499 2311 2730 2365 terrae
2762 2309 3040 2367 mandu-

1043 2402 1327 2459 cabitis.
1377 2401 1505 2459 honi
1559 2419 1688 2476 ergo
1740 2402 1893 2459 illius
1944 2403 2156 2460 similes
2200 2403 2395 2471 simne,
2438 2405 2501 2460 ut
2542 2419 2683 2476 quae
2723 2402 2869 2461 bona
2908 2410 3042 2461 sunt

1042 2494 1429 2568 adipiscamur,
1481 2495 1687 2553 bonum
1737 2497 1885 2569 quod
1937 2500 2023 2554 est
2063 2497 2182 2553 sine
2222 2497 2515 2570 iniquitate
2557 2500 2614 2554 et
2653 2497 2771 2554 sine
2812 2497 2941 2555 dolo
2984 2499 3042 2555 et
3067 2512 3109 2548 υ

1044 2589 1161 2645 sine
1213 2589 1528 2663 asperitate,
1581 2606 1709 2646 cum
1758 2590 1954 2663 gratia,
2006 2607 2131 2647 cum
2182 2591 2408 2663 pietate,
2453 2607 2574 2647 cum
2620 2591 2943 2649 sinceritate
2984 2595 3038 2649 et

1039 2683 1414 2740 beniuolentia
1469 2684 1698 2740 caritate
1750 2684 1986 2741 iustitia.
2042 2684 2229 2756 itaque
2284 2701 2472 2741 omnes
2525 2684 2765 2742 uirtutes
2818 2684 3036 2743 bonitas

1041 2781 1324 2850 tamquam
1364 2779 1543 2834 mater
1582 2777 1816 2835 fecunda
1860 2778 2231 2852 amplectit-ur.

1200 3037 1220 3083 1
1255 3036 1427 3086 Matth.
1464 3037 1507 3092 6,
1541 3038 1596 3084 21
1719 3039 1749 3083 4
1782 3037 1924 3084 Deut.
1959 3040 2002 3093 6,
2037 3041 2065 3085 5
2098 3037 2270 3085 Matth.
2305 3039 2379 3093 22,
2413 3039 2472 3085 37
2589 3038 2649 3085 10
2680 3037 2892 3100 Philipp.
2924 3039 2970 3095 4,
3002 3038 3029 3085 7

1042 3115 1097 3163 12
1122 3114 1225 3162 Act.
1257 3116 1327 3171 17,
1353 3114 1413 3162 28
1515 3113 1570 3162 13
1603 3114 1744 3163 Marc.
1783 3116 1854 3170 10,
1891 3115 1949 3163 18
2048 3117 2103 3163 15
2137 3115 2310 3163 Psalm.
2339 3114 2451 3164 0111
2482 3116 2542 3163 28
2641 3115 2699 3164 18
2733 3115 2860 3165 Esai.
2896 3118 2939 3174 1,
2972 3116 3030 3164 19

1102 3269 1122 3315 1
1160 3268 1412 3316 thesaurus
1448 3270 1562 3317 lion·
1734 3272 1763 3318 2
1797 3257 1883 3317 diss
1916 3272 1963 3319 A
1999 3277 2052 3329 (s.
2086 3274 2168 3319 m2
2197 3271 2221 3318 l
2254 3258 2381 3329 dnm)
2417 3257 2534 3317 dffi
2566 3269 2612 3318 T
2641 3274 2781 3329 (corr.
2817 3257 2925 3331 ‹ln—s)
2962 3271 3031 3319 θ’*

1098 3345 1335 3407 denegare
1368 3347 1413 3394 A
1448 3346 1489 3401 (ξ
1520 3347 1537 3394 i
1568 3350 1652 3394 m2
1681 3361 1717 3397 s.
1754 3362 1778 3394 e
1811 3349 1917 3409 ult.)
2075 3349 2103 3396 3
2134 3348 2286 3395 bonus
2317 3361 2355 3396 s,
2388 3362 2436 3396 u.
2469 3348 2517 3395 A
2667 3353 2717 3396 et
2749 3347 2840 3398 del.
2870 3352 2956 3397 2¹⁸2
2983 3350 3030 3396 A

1034 3427 1065 3472 4
1097 3424 1436 3473 adhaereamus
1471 3426 1515 3472 A
1552 3425 1593 3477 (ξ
1623 3440 1730 3473 mur
1762 3431 1845 3473 m?
1874 3441 1911 3474 s.
1944 3429 2067 3485 mus)
2209 3427 2312 3487 ipso
2347 3429 2392 3474 A
2428 3430 2475 3484 (o
2508 3441 2566 3474 ea:
2596 3426 2631 3486 i)
2791 3428 2821 3476 5
2854 3429 2909 3474 ut
2940 3427 3029 3476 del.

1035 3506 1118 3550 2112
1149 3505 1196 3552 A
1308 3503 1337 3550 6
1370 3503 1704 3552 delectationis
1738 3505 1785 3552 A
1821 3510 1887 3562 (ta
1920 3520 1959 3553 s.
1993 3520 2040 3552 u.
2074 3508 2174 3562 m2)
2274 3505 2301 3551 7
2335 3510 2389 3552 ut
2420 3505 2469 3553 in
2501 3505 2566 3553 N‘
2661 3505 2693 3554 9
2724 3506 2878 3554 utitur
2908 3506 2956 3553 A
2989 3505 3031 3562 (ξ

1033 3594 1139 3629 mur
1161 3584 1242 3628 m2
1262 3595 1300 3629 s.
1326 3585 1423 3640 tur)
1518 3582 1574 3629 12
1600 3595 1654 3630 ex
1671 3585 1735 3640 (s.
1769 3585 1852 3630 m2
1881 3583 1906 3629 λ’
1936 3582 2004 3640 ἰη)
2034 3585 2078 3630 A
2112 3583 2159 3629 in
2195 3585 2249 3639 (s.
2286 3587 2358 3642 ex)
2386 3583 2499 3630 P‘T
2587 3583 2836 3646 pendimus
2863 3583 3029 3632 APG¹¹

1035 3659 1291 3721 pendemus
1325 3665 1409 3707 cet.
1509 3674 1649 3722 supra
1674 3675 1724 3707 se
1746 3661 1867 3708 nihil
1892 3661 2078 3711 91¹¹EP¹
2145 3661 2202 3709 13
2224 3661 2318 3708 nisi
2343 3661 2470 3709 solus
2496 3661 2611 3709 deus
2639 3661 2738 3710 GP
2806 3664 2863 3712 15
2887 3676 3028 3710 manu

1034 3738 1081 3784 A
1107 3740 1209 3795 (mie
1240 3739 1401 3797 mann)
1432 3738 1482 3786 P
1583 3738 1967 3800 adimplebuntur
2006 3739 2050 3786 T
2078 3744 2121 3786 et
2157 3738 2236 3795 (ad
2267 3754 2304 3786 s.
2338 3753 2386 3785 u.
2421 3743 2519 3798 m2)
2555 3742 2602 3789 A
2635 3739 2957 3803 implebuntur
2987 3741 3030 3792 21

1033 3815 1198 3878 (imple
1230 3816 1285 3863 in
1319 3832 1430 3872 ras..
1465 3816 1640 3865 buntur
1670 3831 1705 3864 s.
1741 3819 1810 3866 α.)
1845 3817 2154 3879 replebuntur
2189 3817 2243 3865 0¹
2348 3818 2408 3865 20
2441 3819 2696 3879 iniquitate
2719 3818 2770 3866 P
2799 3819 2836 3876 (i
2869 3819 2957 3869 alt.
2989 3833 3028 3868 s.

1033 3909 1081 3941 u.
1113 3897 1214 3953 m2)
1359 3901 1408 3943 et
1431 3910 1512 3956 pr.
1549 3896 1639 3942 del.
1675 3899 1755 3941 νηί.)
1785 3898 1847 3946 A.
1883 3911 1970 3943 om.
2014 3896 2068 3945 T.
2102 3899 2176 3944 est
2209 3896 2265 3943 N
2405 3901 2454 3944 et
2487 3898 2572 3944 alt.
2606 3897 2696 3945 dei.
2730 3901 2813 3946 „12
2844 3901 2905 3955 A,
2939 3912 3029 3946 oni.

1031 3973 1138 4020 NT
1226 3974 1286 4021 22
1318 3973 1643 4021 beniuolentia
1674 3974 1715 4023 ⁵21
1751 3975 1785 4030 (i
1813 3989 1889 4034 pr.
1917 3989 1975 4022 ex
2007 3989 2031 4021 e
2064 3978 2164 4033 m2)
