4242 4694
1429 531 1503 579 De
1533 531 1707 594 Ioseph
1739 531 2002 590 3‚.1o—13
2067 533 2110 591 (1
2141 533 2234 582 486
2266 534 2460 582 E—487
2495 533 2566 592 C).
2919 541 2990 596 79

987 703 1120 761 ille
1164 703 1385 762 uenit.
1419 721 1599 763 nunc
1635 722 1799 779 ergo
1834 707 2078 763 uenite
2114 705 2521 763 occidamus
2554 706 2777 765 illum.
2813 725 2993 765 nonne

988 798 1128 854 haec
1168 798 1341 855 uerba
1380 797 1637 857 dicebant
1676 801 1771 872 qui
1816 800 1882 857 de
1922 799 2257 873 parricidiali
2314 799 2606 874 sacrilegio
2656 801 2992 875 cogitabant,

989 891 1142 949 sicut
1181 891 1444 950 Solomon
1485 893 1734 967 deipsis
1777 894 1888 950 ait:
1930 894 2276 952 tollamus
2316 894 2605 962 iustum,
2648 894 2808 967 quia
2847 896 2989 953 inu-

861 981 907 1036 .2
989 986 1151 1044 tilis
1193 989 1305 1044 est
1343 987 1591 1046 nobis?
1634 992 1692 1045 et
1731 987 2061 1045 addiderunt
2099 988 2155 1045 in
2193 987 2430 1046 Genesi:
2473 990 2543 1044 et
2582 987 2988 1047 uidebimus

932 1099 957 1134 s
990 1080 1161 1152 quid
1218 1083 1423 1139 erunt
1478 1082 1749 1139 somnia
1802 1082 1977 1139 eius.
2034 1082 2140 1139 hoc
2196 1083 2466 1155 scriptum
2516 1084 2605 1139 est
2650 1082 2718 1139 de
2764 1082 2986 1157 Ioseph,

988 1174 1307 1247 conpletum
1364 1178 1454 1232 est
1508 1174 1573 1233 de
1632 1174 1873 1245 Christo,
1930 1176 2146 1248 quando
2203 1175 2394 1234 Iudaei
2448 1176 2503 1232 in
2561 1176 2682 1233 eius
2729 1177 2985 1250 passione
3025 1183 3065 1229 Β

989 1267 1347 1325 dixeruntzsi
1371 1286 1486 1326 rex
1510 1270 1832 1327 Istrahel
1857 1274 1984 1337 est,
2011 1269 2402 1327 descendat
2435 1285 2614 1327 nunc
2648 1269 2726 1326 de
2760 1286 2986 1335 cruce,

989 1363 1059 1418 et
1091 1361 1448 1419 credimus
1483 1363 1564 1420 ei.
1599 1363 1913 1422 confidit
1943 1364 2012 1420 in
2046 1363 2274 1421 deum:
2309 1363 2575 1420 liberet
2604 1380 2782 1420 nunc
2818 1380 2984 1430 eum,

988 1456 1047 1513 si
1074 1473 1110 1513 u
1126 1457 1237 1513 ult
1260 1472 1340 1514 eu
1355 1474 1429 1513 m.
1454 1457 1724 1529 numquid
1742 1457 1922 1530 etipsi
1946 1457 2142 1514 fratres
2166 1459 2284 1514 tam
2307 1457 2485 1530 impii,
2511 1461 2577 1514 ut
2600 1457 2824 1514 fratrem
2843 1459 2986 1521 occi-

908 1569 954 1603 ιο
988 1549 1222 1606 derent‘?
1264 1552 1323 1607 et
1359 1550 1506 1608 unde
1543 1553 1828 1608 tantorum
1869 1552 2069 1608 merita
2106 1551 2558 1625 patriarcharum,
2594 1554 2659 1609 ut
2688 1552 2775 1609 lex
2805 1552 2985 1609 tribus

987 1644 1164 1702 totius
1189 1643 1371 1717 plebis
1396 1661 1588 1702 eorum
1620 1645 1911 1702 uocabulis
1946 1644 2304 1719 designaret?
2338 1645 2614 1717 quomodo
2649 1645 2986 1702 conueniunt

987 1735 1214 1810 pietatis
1239 1739 1463 1795 nomina
1494 1741 1552 1796 et
1584 1737 1812 1796 sceleris
1844 1738 2129 1813 insignia?
2163 1737 2245 1796 sic
2277 1738 2444 1795 etiam
2476 1738 2575 1795 isti
2607 1741 2740 1812 typo
2771 1739 2984 1812 populi,

987 1848 1094 1887 non
1138 1832 1306 1889 animi
1346 1831 1437 1889 sui
1476 1831 1617 1890 uitio
1659 1832 1998 1890 laborabant.
2041 1831 2168 1889 inde
2209 1831 2388 1889 omnis
2429 1831 2657 1899 inuidia,
2698 1832 2824 1889 inde
2863 1850 2983 1905 par·

986 1926 1168 1982 ricidii
1207 1925 1528 1983 meditatio:
1569 1926 1782 1983 inuidia
1818 1942 1918 1999 per
1955 1926 2208 1999 figuram,
2249 1925 2429 1999 pietas
2472 1942 2568 1997 per
2607 1924 2904 1983 adfectum.

865 2010 902 2065 3
930 2037 980 2072 15
1066 2018 1317 2093 Denique
1362 2019 1556 2078 Buben
1608 2022 1667 2077 et
1709 2019 1879 2077 Iudas
1936 2018 2319 2093 germanitatis
2375 2018 2466 2092 pia
2520 2019 2643 2076 iura
2696 2024 2981 2077 seruantes
3022 2028 3060 2078 C

989 2111 1054 2168 de
1103 2114 1359 2171 manibus
1408 2131 1599 2172 eorum
1647 2114 1878 2171 liberare
1927 2130 2055 2171 eum
2104 2113 2417 2188 cupiebant,
2464 2113 2772 2186 meritoque
2811 2114 2980 2171 Iudas

986 2211 1213 2278 paterna
1251 2207 1631 2266 benedictione
1671 2209 1996 2283 praefertur,
2038 2224 2165 2265 cum
2206 2207 2411 2265 dicitur
2449 2207 2531 2264 ei:
2584 2206 2980 2265 adorabunt

988 2303 1053 2357 te
1116 2301 1269 2359 filii
1333 2302 1566 2375 patris
1632 2302 1756 2359 tui.
1825 2302 2118 2358 catulus
2182 2301 2414 2359 leonis
2476 2300 2649 2357 Iuda
2706 2310 2768 2357 et
2825 2301 2978 2374 ipse

986 2396 1399 2468 expectatio
1451 2396 1788 2471 gentium.
1839 2396 1985 2470 quod
2034 2397 2230 2468 utique
2281 2396 2388 2453 soli
2436 2396 2697 2453 conuenit
2737 2394 2980 2465 Christe,

1142 2586 1170 2634 3
1205 2587 1315 2649 Sap.
1348 2587 1393 2645 2,
1432 2588 1490 2636 12
1605 2589 1637 2636 4
1670 2585 1787 2636 Gen.
1823 2588 1899 2643 37,
1934 2587 1995 2635 20
2114 2588 2140 2635 7
2174 2587 2345 2635 Matth.
2379 2587 2455 2644 27,
2487 2586 2549 2634 42
2582 2601 2652 2646 sq.
2766 2587 2824 2634 15
2857 2584 2975 2636 Gen.

982 2665 1059 2721 37,
1093 2666 1152 2712 21
1189 2668 1239 2712 et
1270 2665 1332 2713 26
1431 2666 1486 2714 17
1519 2665 1636 2714 Gen.
1670 2667 1748 2721 49,
1781 2666 1937 2713 8—10

1048 2797 1069 2844 1
1109 2798 1268 2845 uenite
1301 2802 1351 2846 et
1380 2798 1457 2849 π’
1489 2803 1534 2847 et
1567 2802 1668 2856 (m2
1699 2813 1758 2846 cx
1789 2798 1923 2845 uenit
1954 2796 2011 2858 sc)
2043 2797 2097 2845 Ε
2217 2811 2322 2844 eum
2354 2795 2413 2843 N
2417 2795 2509 2843 VD
2627 2796 2657 2842 2
2689 2794 2977 2857 parricidiali

981 2874 1030 2922 Β
1062 2876 1333 2937 parricidali
1364 2881 1447 2925 cet.
1608 2876 1636 2924 3
1671 2874 1729 2923 de
1761 2877 1878 2938 ipsis
1911 2876 2122 2923 salomon
2154 2876 2231 2926 21⁰
2364 2874 2576 2922 solomon
2595 2873 2659 2946 ff
2688 2873 2898 2921 salemon
2930 2873 2987 2920 E

981 2955 1134 3002 esaias
1173 2953 1221 3001 V
1245 2954 1458 3002 salomon
1489 2960 1573 3003 cet.
1746 2957 1775 3002 5
1808 2953 2066 3016 proderunt
2095 2955 2152 3004 21⁴
2169 2956 2253 3001 m2
2281 2969 2318 3001 s.
2352 2968 2400 3001 u.
2435 2956 2529 3013 (ml
2560 2958 2647 3008 ert,
2680 2956 2822 3006 eras.)
2855 2950 2986 3002 91¹⁴E

1045 3033 1173 3081 illius
1197 3032 1256 3080 N
1346 3033 1374 3081 7
1407 3032 1629 3081 dicebant
1653 3032 1763 3080 NV
1884 3032 2105 3080 -iatrahel
2129 3032 2178 3080 Β
2209 3032 2258 3094 ((1
2289 3036 2346 3079 ut
2377 3032 2572 3079 uidetur
2604 3035 2746 3088 eras.)
2782 3030 2872 3076 isrl'
2895 3033 2978 3076 cet.

980 3112 1010 3161 8
1045 3111 1286 3160 credamus
1326 3111 1374 3158 V
1493 3111 1688 3159 confidit
1718 3111 1768 3159 Β
1801 3111 1836 3170 (i
1859 3125 1938 3171 pr.
1971 3125 2031 3159 ex
2062 3113 2106 3169 e)
2236 3109 2324 3157 deo
2358 3109 2517 3157 P‘ET
2545 3097 2639 3156 drTo‘
2679 3108 2727 3155 V
2853 3120 2979 3159 nunc

980 3204 1071 3239 om.
1105 3191 1164 3238 P·
1291 3205 1395 3238 enm
1436 3205 1560 3239 nunc
1591 3190 1697 3239 DE
1810 3191 1839 3237 9
1872 3204 1978 3237 eum
2009 3188 2058 3236 B
2091 3193 2213 3248 (ap.
2247 3190 2347 3247 m2)
2390 3186 2435 3233 V
2473 3186 2582 3243 (del.
2616 3188 2732 3244 ΜΒ),
2767 3199 2856 3232 om.
2892 3190 2973 3230 cet.

984 3270 1045 3318 10
1076 3270 1416 3331 patriarcarum
1446 3268 1496 3316 Β
1561 3267 1931 3331 patriarcharum
1962 3305 1971 3316 .
2002 3303 2013 3314 .
2042 3302 2054 3314 .
2080 3266 2234 3328 plebis
2267 3280 2357 3314 om.
2399 3264 2444 3312 V
2562 3263 2718 3312 tribus
2750 3277 2840 3311 om.
2873 3262 2979 3310 ND

983 3348 1037 3395 11
1076 3347 1405 3408 designaretur
1436 3347 1493 3395 N
1577 3347 1634 3394 12
1667 3346 1752 3394 sed
1786 3347 1931 3393 etiam
1962 3345 2082 3393 iusti
2112 3343 2170 3392 N
2177 3343 2269 3392 VD
2358 3343 2415 3391 13
2448 3344 2602 3391 omnis
2636 3342 2685 3389 Β
2717 3343 2752 3399 (i
2777 3355 2835 3388 ex
2860 3347 2904 3399 e)
2930 3340 2984 3387 P

981 3427 1019 3485 (i
1052 3441 1110 3474 ex
1141 3440 1166 3473 e
1198 3429 1300 3485 ww)
1422 3425 1479 3475 15
1511 3424 1659 3473 roben
1691 3423 1740 3471 B
1772 3428 1821 3483 (v
1851 3438 1890 3473 a.
1924 3427 1971 3482 o)
2086 3424 2143 3471 16
2178 3436 2338 3470 eorum
2369 3435 2405 3469 a.
2439 3436 2488 3469 u.
2523 3423 2605 3467 m2
2635 3420 2685 3467 P
2715 3422 2974 3467 ceterorum

981 3503 1212 3552 NVP¹⁴D
1396 3518 1504 3551 eum
1536 3503 1740 3551 liberare
1770 3502 1880 3551 ND
1911 3517 2018 3550 eum
2050 3501 2229 3562 eripere
2272 3498 2317 3545 V
2488 3500 2542 3546 17
2578 3498 2624 3546 ei
2655 3497 2831 3545 dicitur
2853 3498 2984 3548 w‘E

982 3583 1040 3631 18
1063 3589 1180 3644 post
1211 3581 1331 3630 luda
1360 3582 1479 3630 haec
1507 3586 1776 3643 sequnntur
1796 3582 1852 3629 in
1883 3580 1946 3628 V:
1981 3594 2035 3628 ex
2068 3578 2247 3641 gei-min
2272 3577 2397 3626 filius
2425 3575 2697 3624 ascendisti.
2723 3590 2774 3623 re
2799 3575 2974 3623 cubans

979 3660 1196 3710 dormisti
1237 3661 1361 3710 sicut
1399 3660 1475 3708 leo
1518 3662 1566 3707 et
1599 3660 1724 3707 sicut
1756 3660 1942 3707 catulus
1986 3658 2151 3706 leonis.
2188 3657 2293 3718 quis
2328 3655 2556 3703 excitabit
2585 3653 2737 3703 illum.
2770 3653 2976 3715 alligans

979 3740 1039 3788 ad
1083 3741 1231 3788 uitem
1274 3739 1458 3802 pullum
1503 3743 1554 3787 et
1598 3736 1659 3785 ad
1702 3738 1947 3799 palmitem
1991 3737 2172 3798 pullum
2219 3734 2379 3782 asinae
2424 3749 2522 3783 sue.
2555 3733 2741 3781 lauauit
2773 3733 2818 3780 in
2863 3732 2978 3779 uino

977 3819 1150 3867 stolam
1190 3832 1321 3865 suam
1358 3820 1408 3865 et
1439 3818 1487 3865 in
1529 3817 1759 3877 sanguine
1794 3830 1914 3863 uuae
1947 3816 2169 3862 amictum
2204 3828 2356 3861 suum.
2391 3813 2430 3861 ἀ
2462 3816 2570 3875 post
2602 3813 2847 3873 aliquanta
2879 3825 2972 3858 non

976 3897 1169 3945 deficiet
1206 3896 1428 3958 princeps
1468 3909 1522 3942 ex
1562 3892 1674 3941 iuda
1714 3909 1799 3941 nec
1840 3892 1931 3941 dux
1972 3892 2030 3940 de
2071 3892 2328 3941 femoribus
2369 3892 2468 3940 eius
2511 3890 2658 3939 donec
2701 3889 2864 3938 ueniat
2896 3887 2973 3935 cni

975 3976 1189 4037 reposito
1222 3980 1247 4021 ὁ
1374 3975 1477 4036 ipse
1511 3974 1601 4020 erit
1642 3972 1756 4023 ΠΨ
