4242 4694
1193 522 1269 579 92
2039 516 2386 566 Ambrosii

1191 706 1409 749 carcere
1458 689 1712 748 clausum
1761 705 1887 746 esse
1936 688 2286 755 memorauit,
2338 688 2487 745 sicut
2533 687 2704 745 habes
2763 688 3066 761 scriptum:
3126 688 3196 745 in

1191 800 1481 842 carcere
1513 800 1716 855 eram,
1753 771 1984 842 et'non
2019 782 2336 840 uenistis
2368 781 2448 838 ad
2482 784 2623 839 me?
2659 800 2766 855 quo
2800 777 2907 839 non
2940 784 3197 856 penetrat

1191 877 1385 937 diuina
1418 876 1843 936 misericordia?
1875 877 2090 935 inuenit
2119 877 2319 950 Ioseph
2358 875 2678 933 huiusmodi
2712 875 2965 951 gratiam,
3000 879 3064 933 ut
3098 877 3196 949 qni

1190 972 1373 1030 suerat
1412 971 1637 1029 clausus
1668 971 1724 1027 in
1761 987 1975 1029 carcere
2006 971 2127 1044 ipse
2159 971 2349 1044 potius
2383 969 2618 1028 carceris
2651 971 2894 1028 claustra
2925 975 3194 1040 seruaret,
3274 979 3343 1028 4⁹⁴

1148 1071 1154 1077 '
1191 1064 1413 1124 cederet
1459 1082 1688 1124 munere
1737 1065 2150 1133 clauiculariuS,
2198 1064 2446 1121 inclusos
2497 1079 2687 1121 omnes
2743 1063 3013 1136 potestati
3069 1063 3194 1122 eius
3249 1084 3275 1120 ο

1190 1159 1580 1216 committeret.
1623 1159 1814 1232 itaque
1849 1175 1956 1217 non
1992 1159 2175 1217 solum
2207 1158 2407 1232 Ioseph
2446 1174 2717 1215 carcerem
2751 1175 2859 1214 non
2895 1158 3191 1232 sentiebat,

1192 1247 1289 1310 sed
1329 1254 1496 1310 etiam
1539 1254 1679 1311 alios
1720 1270 1941 1326 quoque
1982 1252 2216 1311 carceris
2254 1252 2479 1309 leuabat
2520 1268 2797 1310 aerumna.

1030 1346 1093 1419 6,
1113 1346 1186 1402 28
1266 1347 1451 1405 Huius
1500 1347 1673 1423 igitur
1718 1347 1948 1404 iniuriae
1997 1350 2191 1404 auctor
2228 1346 2432 1404 mulier
2470 1348 2528 1402 et
2567 1346 2839 1418 spadones
2881 1349 3046 1404 sunt:
3090 1346 3190 1405 sed
3299 1357 3335 1406 B

1069 2285 1145 2342 29

1189 1442 1390 1499 mulier
1420 1443 1510 1498 est
1529 1441 1948 1517 Aegyptiarum,
1982 1458 2121 1514 quae
2145 1457 2406 1513 procaces
2431 1457 2560 1498 cum
2585 1439 2720 1497 uiris
2748 1440 2932 1500 solent
2951 1441 3190 1498 miscere
3301 1451 3336 1502 c

1190 1551 1492 1604 sermones,
1532 1534 1805 1592 lacessere
1846 1535 2209 1604 uerecundos,
2250 1534 2594 1608 refugientes
2635 1534 2870 1607 insequi,
2911 1534 3188 1608 pudentes
3224 1556 3272 1591 ιο

1188 1645 1524 1704 perurgueri·
1600 1645 1725 1687 cum
1783 1630 1925 1686 uitia
1980 1646 2082 1687 sua
2135 1646 2240 1687 non
2307 1633 2501 1703 posset
2563 1628 2872 1695 defendere,
2938 1629 3188 1688 innoxios

1191 1722 1584 1784 criminabatur
1645 1722 1928 1796 perfidiam
1993 1723 2303 1781 admiscens
2373 1722 2654 1796 perfidiae,
2728 1723 2904 1781 aliena
2973 1726 3187 1793 tenens,

1190 1815 1328 1876 alios
1384 1816 1507 1891 ipsa
1563 1817 1951 1886 condemnans,
2008 1816 2235 1874 modum
2283 1815 2498 1873 nullum
2548 1833 2757 1890 ponens
2804 1815 2994 1874 furori.
3046 1833 3186 1890 quae

1187 1909 1336 1967 enim
1384 1926 1555 1968 causa
1602 1910 1951 1968 crudelitatis
2001 1910 2111 1967 nisi
2159 1909 2307 1982 quod
2357 1910 2760 1983 cupiditatibus
2810 1911 2926 1968 suis
2985 1910 3187 1970 obsisti

1187 2003 1415 2062 uidebat
1454 2006 1511 2062 et
1541 2004 1816 2062 desideria
1847 2021 1951 2062 sua
1981 2005 2159 2062 uetita
2191 2003 2515 2062 adsensione
2545 2005 2830 2062 fraudari?
2864 2021 2928 2062 en
2962 2009 3187 2080 propter
3220 2025 3271 2062 ιο

1188 2098 1337 2172 quod
1362 2100 1639 2173 aperiatur
1662 2116 1862 2166 carcer,
1888 2102 1953 2157 ut
1975 2099 2248 2173 suscipiat
2271 2099 2612 2166 innocenteS,
2639 2100 2929 2157 soluantur
2960 2101 3185 2157 catenae

1186 2192 1312 2262 reis,
1369 2195 1434 2250 ut
1487 2192 1820 2266 inponantur
1873 2193 2152 2261 fidelibus,
2210 2193 2562 2251 dimittantur
2617 2193 2869 2250 ueritatis
2926 2192 3182 2260 adulteri,
3299 2207 3341 2256 D

1186 2290 1251 2344 ut
1297 2287 1616 2345 includatur
1665 2288 1761 2361 qui
1810 2287 2145 2345 adulterium
2195 2288 2324 2344 fidei
2380 2288 2679 2347 recusauit.
2740 2287 2808 2344 do
2863 2286 2993 2344 istis
3048 2303 3181 2346 uero

1187 2380 1525 2453 spadonibus
1566 2381 1700 2454 quid
1742 2381 1971 2439 dicam?
2013 2382 2108 2454 qui
2150 2383 2398 2454 exemplo
2441 2381 2643 2439 debent
2681 2398 2804 2439 esse
2844 2380 3181 2459 spadonibus

1187 2475 1384 2532 ceteris
1435 2476 1584 2547 quod
1632 2478 1816 2533 status
1866 2492 2056 2532 eorum
2102 2476 2315 2550 fragilis
2366 2478 2424 2532 et
2469 2476 2655 2532 tenuis
2697 2479 2754 2532 et
2792 2476 2847 2532 in
2888 2475 3181 2541 uoluntate
3214 2497 3267 2535 ιο

1184 2568 1338 2642 regia
1394 2586 1521 2641 spes
1579 2569 1759 2628 omnis
1816 2569 2019 2642 quibus
2074 2570 2218 2627 leuis
2276 2569 2486 2628 offensa
2541 2586 2823 2627 summum
2869 2569 3181 2642 peric-ulum

1345 2782 1368 2829 1
1404 2781 1576 2830 Matth.
1609 2783 1686 2837 25,
1718 2783 1780 2831 43
1875 2782 1904 2829 8
1940 2782 2056 2832 Gen.
2089 2784 2165 2840 40,
2203 2784 2224 2831 1
2262 2798 2365 2845 sqq.

1249 2906 1272 2954 1
1309 2906 1540 2955 inclusum
1570 2906 1648 2957 ⁵21⁰
1817 2908 1906 2956 hoc
1938 2908 2041 2957 loco
2074 2909 2122 2955 Β
2152 2908 2205 2956 in
2237 2924 2325 2971 my.
2359 2912 2442 2956 m3
2474 2908 2616 2956 habet
2647 2908 2881 2971 sequitur,
2913 2910 3046 2971 quod
3067 2914 3181 2971 post

1185 2986 1467 3033 memorauit
1498 2986 1735 3046 praebent
1772 2986 1847 3033 P‘'
1880 2994 1933 3035 ct
1974 2987 2084 3044 (del.
2126 2986 2218 3048 ml)
2249 2986 2342 3035 Po
2498 2987 2527 3035 3
2568 2987 2752 3035 inuenit
2782 2987 2830 3033 P
2860 2989 2939 3049 (ex
2976 2988 3177 3045 inuenti)

1248 3065 1406 3125 gratia
1437 3064 1486 3111 B
1617 3067 1672 3112 ut
1701 3079 1738 3112 s.
1771 3080 1820 3111 a.
1854 3066 1901 3112 P
2055 3067 2084 3114 5
2119 3064 2307 3113 cederet
2341 3065 2394 3112 N
2405 3065 2446 3108 V
2474 3064 2752 3114 concederet
2783 3065 2830 3111 B
2864 3068 2972 3123 (con
3003 3066 3060 3114 in
3089 3081 3178 3128 my.

1182 3177 1284 3233 m2)
1319 3179 1401 3223 cet.
1528 3149 1722 3223 munere
1751 3175 1811 3224 Ψ
1843 3190 2039 3223 munera
2069 3176 2129 3222 P¹
2255 3177 2304 3223 in
2338 3178 2624 3237 potestatem
2655 3174 2714 3222 N
2818 3177 2847 3224 6
2879 3175 3052 3238 ioseph
3083 3192 3180 3226 non

1185 3253 1336 3300 solum
1369 3253 1497 3301 wE
1579 3253 1606 3298 7
1641 3253 1837 3300 carceris
1872 3254 1932 3310 (is
1966 3269 2022 3300 ex
2054 3258 2097 3311 e)
2133 3254 2181 3301 P
2263 3253 2293 3300 8
2325 3253 2495 3301 mulier
2526 3253 2748 3314 spadonis
2780 3253 2876 3301 fuit
2913 3253 2957 3300 T
2987 3258 3031 3301 et
3063 3251 3187 3302 libe?

1186 3330 1372 3378 Clarae
1408 3330 1573 3386 uallis,
1612 3330 1698 3378 sed
1735 3330 1792 3377 id
1828 3331 1956 3393 quod
1998 3331 2203 3392 adparet
2241 3346 2300 3379 σω
2338 3331 2406 3378 eis
2444 3345 2568 3393 quae
2604 3336 2869 3392 sequuntur
2905 3346 2955 3379 u.
2988 3335 3051 3378 14
3082 3346 3176 3394 sqq.

1175 3409 1449 3470 praepositi
1471 3409 1580 3456 uini
1601 3413 1647 3457 et
1662 3409 1901 3469 pistorum
1925 3410 2266 3471 significantur
2359 3411 2388 3458 9
2412 3409 2582 3457 mulier
2606 3412 2681 3457 est
2702 3409 2877 3469 scripsi
2898 3410 3119 3458 mulieres
3137 3408 3178 3457 Π

1182 3488 1353 3536 mulier
1382 3487 1489 3535 NV
1639 3488 1981 3549 Aegyptiarum
2009 3489 2180 3549 scripsi
2212 3489 2535 3550 aegyptiorum
2573 3484 2692 3539 libri
2848 3488 3005 3536 solent
3036 3487 3179 3538 IIDO

1183 3567 1390 3628 spoliata
1420 3565 1533 3617 ΨΥ
1560 3565 1702 3613 solita
1733 3566 1912 3618 UuEV
2049 3568 2101 3614 ll
2139 3580 2393 3628 perurgere
2423 3565 2761 3614 PVP‘P‘DT
2884 3581 2989 3615 cum
3027 3566 3069 3616 O
3098 3569 3180 3615 ”⁸2

1180 3659 1272 3693 con
1309 3644 1350 3693 0
1380 3648 1454 3690 ml
1483 3643 1532 3691 P
1716 3657 1775 3690 ne
1807 3644 1855 3690 P
1885 3648 1962 3701 (ex
1986 3646 2108 3702 non)
2141 3642 2194 3690 D
2381 3643 2530 3705 possit
2560 3643 2719 3692 BP‘O
2758 3649 2803 3691 et
2836 3648 2975 3700 (corr.
3010 3650 3100 3704 ml)
3132 3645 3182 3693 P

1245 3722 1458 3770 innoxios
1492 3721 1641 3771 BVE
1668 3728 1712 3769 et
1749 3721 1791 3770 0
1822 3725 1904 3769 m2
1935 3722 2124 3770 innoxia
2148 3720 2210 3769 P¹
2240 3722 2455 3769 innoxius
2484 3721 2526 3770 0
2554 3726 2629 3769 ml
2661 3727 2742 3769 cet.
2811 3723 2869 3770 12
2902 3723 3103 3772 miscens
3128 3721 3184 3771 N

1186 3801 1243 3849 13
1279 3804 1328 3849 et
1360 3801 1477 3849 alios
1510 3800 1563 3848 N
1572 3800 1616 3846 V
1726 3802 1781 3847 14
1817 3800 2112 3848 crudelitatis
2142 3815 2179 3848 s.
2213 3816 2262 3848 u.
2296 3804 2378 3847 m2
2410 3800 2457 3847 P
2567 3800 2625 3848 16
2660 3800 2899 3862 aperiatur
2930 3801 2977 3848 P
3008 3807 3058 3859 (a
3090 3801 3173 3851 alt.

1180 3882 1324 3937 eras.)
1360 3879 1568 3939 aperitur
1599 3877 1700 3926 Do
1824 3877 2073 3925 soluuntur
2103 3877 2151 3923 P
2184 3881 2262 3937 (ex
2293 3881 2472 3935 —antur)
2509 3877 2560 3923 D
2656 3877 2712 3924 18
2744 3877 2857 3924 fidei
2889 3878 3176 3926 adulterium

1178 3955 1311 4007 2⁰1³)
1407 3957 1462 4003 19
1496 3955 1711 4016 exemplu
1744 3954 1795 4001 N
1921 3955 2096 4003 debent
2126 3956 2175 4003 P
2204 3959 2253 4019 (n
2284 3971 2322 4006 a.
2353 3961 2424 4014 a.)
2521 3956 2583 4003 20
2615 3969 2671 4003 ac
2703 3956 2861 4003 tennis
2892 3956 2969 4007 ’ἐν’
