4242 4694
900 1598 946 1632 10

902 2068 946 2102 15

1169 554 1242 603 De
1267 555 1648 618 interpellatione
1664 555 1751 604 Iob
1778 561 1827 604 et
1842 555 2001 603 Dauid
2025 554 2049 602 1
2073 557 2116 612 5,
2139 556 2210 603 13.
2240 556 2297 602 u
2330 554 2373 617 (1
2397 554 2490 603 630
2515 554 2708 602 13-631
2737 555 2813 614 A).
2867 557 2982 613 219

980 728 1071 785 die
1119 728 1339 795 fecisse,
1389 728 1445 785 in
1488 732 1648 786 nocte
1692 729 1855 786 diem.
1898 730 2094 802 utique
2134 727 2462 800 intellegere
2503 728 2813 785 debuerunt
2852 729 2984 801 quia

981 824 1070 880 sol
1125 822 1315 881 iussus
1374 840 1433 881 se
1492 824 1702 896 recepit
1758 828 1815 881 et
1869 824 2059 881 iussus
2116 824 2303 881 exiuit.
2355 823 2787 896 praescripserat
2835 821 2979 878 enim

980 916 1241 974 dominus
1291 918 1423 991 quia
1471 917 1651 975 tribus
1703 918 1900 975 diebus
1950 920 2173 975 futurus
2223 920 2342 975 erat
2389 919 2444 975 in
2496 918 2658 975 corde
2707 921 2885 975 terrae
2925 920 2982 973 et

977 1012 1162 1067 tribus
1213 1011 1503 1068 noctibus:
1556 1011 1752 1069 didicit
1799 1013 1904 1069 hoc
1954 1014 2056 1078 sol,
2110 1011 2370 1069 seruabat
2409 1014 2782 1085 praeceptum.
2826 1009 2980 1066 dubi·
3032 1019 3069 1066 Ε

979 1105 1141 1161 tabat
1180 1122 1310 1180 ergo
1353 1105 1575 1162 dic-ens:
1619 1106 1752 1180 quid
1791 1106 1974 1163 facio?
2007 1105 2151 1163 orior
2183 1109 2239 1162 et
2272 1105 2389 1162 dies
2425 1109 2527 1171 est,
2564 1104 2756 1161 occido
2791 1107 2848 1160 et
2877 1121 2982 1161 nox

981 1202 1087 1255 est.
1139 1200 1189 1256 si
1237 1216 1465 1256 cursum
1512 1217 1698 1256 meum
1749 1216 2063 1269 seruauere,
2117 1199 2442 1256 demorabor
2487 1199 2682 1256 mundi
2722 1200 2981 1256 salutem.

978 1292 1313 1351 festinemus
1361 1293 1431 1349 ad
1479 1294 1911 1368 redemptionem
1962 1294 2129 1351 etiam
2179 1295 2456 1351 nostram:
2506 1293 2766 1349 festinare
2808 1292 2981 1349 debeo

981 1387 1151 1444 etiam
1197 1388 1319 1459 ipse
1369 1388 1438 1444 ad
1486 1405 1687 1445 nouam
1729 1389 1939 1455 uitam3
1983 1388 2089 1446 erit
2130 1388 2276 1444 enim
2318 1386 2587 1444 beneficio
2629 1387 2829 1454 cruciS,
2873 1403 2983 1459 qna

980 1480 1248 1539 uniuersa
1292 1487 1647 1550 renouantur‚
1697 1485 1755 1538 et
1802 1482 1888 1540 sol
1928 1497 2108 1539 nouus
2152 1486 2208 1537 et
2248 1480 2463 1537 caelum
2506 1497 2733 1540 nouum.
2777 1480 2980 1537 festino

984 1591 1116 1647 ergo
1175 1577 1241 1631 ut
1294 1574 1456 1633 illum
1512 1575 1725 1648 possim
1775 1575 1965 1633 uidere
2022 1574 2197 1632 solem
2261 1575 2511 1632 iustitiae
2561 1574 2982 1633 inluminantem

979 1670 1193 1726 animas
1236 1670 1645 1727 uniuersorum.
1687 1670 1783 1726 sed
1817 1670 1952 1743 quid
1984 1669 2182 1727 faciam
2203 1673 2231 1727 ⁴?
2263 1670 2384 1743 ipse
2418 1669 2545 1726 uult
2572 1672 2705 1743 post
2736 1669 2982 1727 triduum

977 1762 1099 1820 fieri
1154 1764 1633 1821 resurrectionem.
1693 1764 1880 1821 inueni
1936 1763 2070 1836 quid
2127 1763 2346 1830 faciam,
2404 1768 2470 1820 ut
2526 1766 2582 1820 et
2637 1781 2821 1822 moras
2875 1780 2983 1822 non
3030 1769 3071 1820 1³·

978 1857 1184 1916 faciam
1235 1860 1293 1914 et
1337 1874 1630 1915 numerum
1681 1858 1894 1915 dierum
1936 1858 2266 1914 custodiam.
2312 1874 2418 1914 non
2459 1857 2660 1914 faciam
2700 1858 2981 1933 integrum

980 1949 1127 2006 diem
1164 1954 1222 2007 et
1250 1951 1523 2027 integram
1560 1955 1795 2010 noctem.
1840 1951 2173 2009 adbreuiabo
2214 1952 2397 2018 horas,
2439 1953 2503 2009 ut
2543 1950 2723 2007 tribus
2758 1949 2983 2023 quidem

983 2044 1183 2102 diebus
1240 2048 1297 2102 et
1351 2046 1612 2103 noctibus
1663 2046 1741 2103 sit
1785 2046 1927 2103 inter
1975 2048 2230 2103 mortuos
2280 2045 2536 2103 dominus
2585 2045 2765 2114 Iesu8‚
2815 2045 2982 2102 citius

978 2141 1167 2195 tamen
1218 2156 1387 2212 quam
1434 2141 1606 2197 trium
1657 2140 1869 2197 dicrum
1919 2142 1977 2197 et
2033 2140 2281 2196 noctium
2345 2139 2642 2195 interualla
2697 2138 2986 2210 patiuntur

978 2235 1240 2307 resurgat
1293 2251 1325 2289 a
1382 2234 1637 2292 mortuis,
1695 2233 2027 2291 adbreuiabo
2078 2232 2251 2309 igitur
2296 2233 2478 2301 horim,
2528 2231 2626 2289 ubi
2676 2231 2986 2288 ascenderit

978 2343 1222 2384 crucem.
1289 2344 1321 2383 a
1387 2331 1541 2385 sexta
1602 2329 1739 2385 hora
1794 2328 1984 2385 statim
2042 2328 2139 2385 fiat
2197 2345 2316 2396 nox,
2373 2344 2441 2384 ne
2497 2325 2717 2383 uideam
2774 2325 2984 2381 domini

975 2420 1316 2494 passionem,
1360 2421 1458 2478 sed
1499 2422 1713 2497 fugiam
1751 2421 2097 2496 parricidalis
2138 2420 2544 2494 persecutionis
2579 2419 2981 2493 spectaculum.

977 2514 1231 2572 occidam
1295 2518 1353 2572 et
1408 2516 1513 2572 erit
1567 2532 1671 2573 nox
1727 2516 1987 2574 horarum
2041 2516 2231 2583 trium,
2291 2515 2537 2590 egrediar
2593 2516 2651 2571 et
2703 2513 2983 2571 innouabo

976 2609 1148 2676 diem,
1213 2612 1279 2667 ut
1341 2610 1417 2667 sit
1479 2610 1739 2668 horarum
1801 2609 2005 2668 trium:
2069 2625 2366 2683 percursus
2424 2611 2513 2666 est
2568 2607 2783 2682 primus
2844 2606 2982 2674 dies,

973 2707 1245 2775 sequetur
1297 2721 1404 2763 nox
1460 2703 1704 2762 secunda
1758 2704 1936 2777 spatio
1994 2721 2114 2775 suo,
2181 2706 2446 2776 sequetur
2509 2703 2768 2760 similiter
2831 2699 3159 2759 dieszealA

972 2796 1209 2870 incipiet
1247 2815 1350 2856 nox
1390 2798 1573 2867 tertia,
1614 2800 1868 2873 resurget
1908 2796 2164 2854 dominus
2205 2796 2260 2854 in
2301 2799 2479 2865 nocte,
2524 2798 2582 2853 et
2622 2796 2728 2852 erit
2768 2795 2885 2851 dies
2926 2794 2981 2849 in

970 2890 1188 2947 lumine
1226 2892 1591 2964 resurgentis,
1633 2893 1699 2948 ut
1738 2892 2081 2965 compleatur
2119 2891 2294 2948 illud:
2336 2894 2406 2948 et
2453 2906 2579 2947 nox
2626 2892 2983 2962 tamquam

1135 3106 1164 3153 2
1196 3105 1370 3154 Matth.
1408 3106 1481 3163 12,
1514 3106 1576 3154 40
1686 3107 1717 3154 9
1748 3106 1894 3169 Apoc.
1928 3107 2004 3163 21,
2042 3107 2081 3162 1,
2117 3106 2175 3154 cs.
2208 3106 2334 3155 Petr.
2368 3105 2418 3154 11
2448 3106 2494 3161 3,
2532 3105 2589 3153 13
2688 3103 2746 3151 10
2777 3101 2980 3150 Malach.

969 3186 1023 3239 4,
1057 3184 1088 3230 2
1121 3182 1224 3232 Ioh.
1261 3184 1303 3240 1,
1337 3185 1367 3232 9
1463 3185 1523 3232 24
1554 3183 1729 3231 Psalm.
1764 3182 2048 3232 CXXXVIII
2084 3184 2140 3231 12
3021 3202 3027 3208 ·

1046 3308 1066 3354 1
1105 3307 1153 3354 in
1187 3311 1328 3355 nocte
1361 3307 1485 3355 diem
1512 3307 1565 3355 D
1595 3307 1645 3354 in
1679 3306 1804 3355 diem
1831 3306 1928 3366 (die
1955 3306 2080 3369 RP‘)
2112 3309 2301 3354 noctem
2336 3311 2436 3361 cet..
2451 3305 2574 3366 sort
2602 3304 2725 3351 diem
2749 3304 2799 3350 in
2820 3305 2982 3359 nocte;

970 3385 1026 3433 in
1061 3384 1188 3433 diem
1220 3388 1409 3434 noctem
1443 3385 1704 3434 mutauisse
1735 3385 1982 3433 Henricus
2016 3385 2221 3438 Schenkl
2377 3385 2406 3430 2
2438 3383 2612 3444 recipit
2640 3381 2690 3428 P
2848 3393 2983 3441 prae-

971 3463 1163 3511 dixerat
1193 3463 1307 3511 DP¹
1512 3465 1541 3512 3
1576 3466 1679 3510 erat
1709 3476 1801 3510 om.
1833 3463 1881 3509 Β
2114 3465 2145 3509 4
2178 3461 2413 3509 didicerat
2442 3459 2557 3507 DP‘
2770 3458 2797 3505 7
2839 3456 2982 3504 etiam

971 3540 1041 3589 ad
1072 3541 1449 3603 redemptionem
1483 3541 1643 3589 BDP·
1761 3540 1791 3588 8
1823 3541 1975 3602 ipsam
2012 3540 2055 3586 B
2181 3540 2295 3600 quia
2324 3538 2372 3585 B
2497 3538 2526 3584 9
2560 3538 2847 3583 renouantur
2878 3534 2983 3579 uni-

973 3633 1118 3668 uersa
1149 3619 1264 3667 DP'
1364 3620 1422 3667 12
1456 3624 1506 3667 et
1536 3635 1574 3667 s.
1607 3633 1656 3666 u.
1688 3618 1741 3666 D
1839 3619 1895 3666 13
1929 3617 2106 3665 dierum
2141 3631 2350 3664 meorum
2386 3616 2431 3662 B
2529 3615 2587 3661 14
2619 3610 2906 3660 adbrebiabo
2940 3610 2989 3658 P

973 3697 1272 3746 nbbreuiabo
1304 3698 1354 3745 B
1386 3696 1709 3746 adbreuiando
1746 3697 1789 3745 (Ὺ
1942 3711 2047 3744 oras
2078 3696 2127 3743 P
2270 3694 2461 3755 quidem
2494 3693 2635 3740 horas
2669 3692 2717 3738 in
2750 3688 2903 3737 tribus
2937 3688 2985 3736 B

976 3777 1039 3825 15
1073 3778 1125 3825 et
1154 3777 1312 3825 PP'C
1340 3792 1397 3824 ac
1420 3776 1473 3824 D
1504 3781 1556 3824 ot
1584 3774 1738 3823 tribus
1763 3775 1812 3821 B
1936 3774 2078 3821 citius
2098 3810 2108 3821 .
2127 3809 2139 3820 .
2158 3810 2169 3822 .
2189 3773 2331 3820 trium
2364 3787 2454 3820 om.
2486 3769 2601 3817 DP‘
2631 3768 2795 3830 spatio
2817 3767 2984 3815 relicto

977 3856 1037 3903 17
1073 3854 1367 3902 adbrebiabo
1401 3855 1451 3902 P
1479 3852 1799 3901 adbreuiando
1837 3851 1879 3898 0
2014 3852 2070 3898 21
2108 3864 2357 3913 percussus
2390 3848 2529 3897 PBG
2666 3846 2729 3894 22
2759 3847 2987 3921 aequetur

977 3933 1214 3982 Gelenius
1246 3933 1464 3994 sequitur
1495 3931 1611 3980 libri
1735 3928 1941 3977 secunda
1976 3929 2019 3977 (J
2046 3928 2251 3977 secundo
2286 3933 2368 3976 cet.
2497 3927 2723 3987 sequetur
2745 3923 2795 3970 Β
2825 3921 2985 3985 sequi·

971 4016 1056 4060 tur
1089 4016 1176 4060 cet.
1274 4012 1336 4059 23
1368 4010 1577 4072 resurgit
1609 4008 1767 4056 PDP
1861 4008 1922 4055 24
1953 3993 2213 4069 tamquam]
2247 4006 2372 4055 sicut
2402 4004 2516 4054 DP‘
