4242 4694
1101 513 1213 569 176
1925 507 2273 555 Ambrosii

1097 680 1286 753 potuit
1317 679 1600 736 obstruere
1629 681 1685 735 et
1709 696 1813 736 non
1839 678 2027 751 potuit
2048 680 2291 735 mentem
2318 680 2658 746 conuertere,
2684 678 2811 736 ideo
2839 678 3104 737 ultimum

1101 773 1406 832 remedium
1455 776 1768 847 postremae
1815 772 1973 830 illius
2022 772 2270 830 ciuitatis
2322 771 2641 840 debebatur,
2690 772 2747 830 in
2797 790 2908 846 quo
2952 778 3104 832 esset

1099 868 1380 942 refugium
1438 868 1696 935 salutare,
1754 870 1819 923 ut
1872 882 2022 922 mors
2078 865 2344 940 principis
2402 865 2749 924 sacerdotum
2815 866 2886 924 ab
2952 868 3101 926 omni

1101 981 1200 1020 nos
1238 962 1435 1020 mortis
1476 962 1737 1018 liberaret
1775 960 2070 1017 formidine
2111 964 2276 1032 atque
2318 963 2541 1017 exueret
2580 961 2751 1017 metu.

1026 1058 1098 1114 16
1181 1056 1288 1128 Qui
1340 1058 1428 1112 est
1471 1055 1569 1112 ille
1618 1055 1727 1112 nisi
1776 1054 1843 1112 de
1893 1071 2001 1127 quo
2051 1054 2262 1111 lectum
2311 1058 2430 1113 est:
2482 1070 2644 1111 ecce
2693 1068 2917 1128 agnus
2970 1055 3099 1125 dei,
3151 1079 3172 1114 s
3205 1055 3235 1105 C

1104 1167 1264 1208 ecce
1313 1149 1431 1223 qui
1480 1149 1688 1207 tollit
1735 1151 2106 1223 peccatum
2148 1147 2427 1205 mundi?
2469 1163 2670 1220 quem
2707 1149 3104 1222 proposuit

1104 1245 1273 1301 deus
1322 1243 1876 1317 propitiatorem
1926 1259 2045 1313 per
2085 1241 2301 1298 fidem
2348 1241 2418 1299 in
2460 1241 2814 1316 sanguine
2855 1241 3097 1315 ipsius

1102 1337 1183 1395 ad
1225 1336 1713 1395 ostensionem
1753 1335 2091 1393 iustitiae
2134 1352 2321 1394 suae.
2365 1335 2554 1408 accipe
2588 1337 2779 1393 autem
2812 1336 2946 1408 quia
2977 1336 3098 1411 ipse

1099 1435 1192 1489 est
1237 1431 1491 1506 princeps
1534 1430 1885 1488 sacerdotum
1924 1447 2178 1504 magnus.
2211 1432 2370 1504 pater
2408 1430 2618 1487 iurauit
2656 1430 2724 1487 de
2764 1447 2828 1488 eo
2872 1430 3098 1489 dicens:

1103 1529 1178 1583 tu
1236 1542 1305 1583 es
1365 1525 1701 1583 sacerdos
1758 1526 1824 1583 in
1882 1529 2263 1583 aeternum.
2314 1529 2463 1582 recte
2509 1525 2565 1582 in
2615 1531 2922 1591 aeternum,
2974 1525 3102 1598 quia
3130 1548 3168 1585 ιο

1100 1619 1200 1677 alii
1240 1620 1573 1691 temporales
1615 1636 1807 1676 omnes
1849 1619 1953 1676 sub
1986 1622 2235 1692 peccato,
2266 1618 2359 1676 hic
2393 1621 2579 1676 autem
2613 1618 3101 1691 inpraeuaricabile

1104 1713 1273 1771 habet
1336 1712 1723 1771 sacerdotium.
1791 1729 1983 1771 omnes
2049 1714 2151 1771 sub
2214 1716 2411 1775 morte,
2476 1713 2567 1771 hic
2631 1715 2817 1770 autem
2885 1729 3102 1787 semper

1105 1808 1325 1875 umens,
1368 1806 1628 1879 quoniam
1671 1807 1766 1879 qui
1808 1807 2025 1864 saluare
2065 1807 2206 1865 alios
2246 1810 2434 1881 potest
2471 1806 2591 1879 ipse
2631 1806 2810 1880 perire
2843 1806 3101 1879 quemad-

1102 1901 1334 1958 modum
1375 1902 1610 1974 posset?
1650 1901 1827 1959 talis
1881 1901 2063 1958 enim
2108 1901 2289 1974 inquit
2334 1901 2536 1959 nobis
2589 1900 2902 1958 decebat.
2952 1905 3100 1958 recta
3172 1899 3219 1948 'D

1104 1998 1195 2053 est
1233 1986 1495 2064 elocutiO‚
1537 1996 1815 2069 siquidem
1855 1996 2002 2070 apud
2041 2012 2136 2053 eos
2178 1995 2276 2069 qui
2306 1995 2602 2053 uerborum
2637 1997 2693 2052 et
2724 1995 3098 2054 elocutionum
3127 2015 3166 2054 ιι

1103 2088 1374 2146 dilectum
1446 2089 1773 2152 habuerunt,
1846 2089 2167 2147 huiusmodi
2234 2089 2520 2146 inuenitur
2589 2088 2808 2146 dicente
2880 2088 3099 2163 aliquo:

1106 2183 1342 2241 locum
1401 2182 1780 2241 editiorem
1839 2200 2041 2257 quam
2096 2181 2505 2240 uictoribus
2570 2181 2888 2243 decebat.
2958 2180 3101 2256 quod

1103 2276 1231 2333 ideo
1288 2293 1395 2333 non
1453 2278 1727 2350 praeten'i,
1784 2281 1850 2335 ut
1904 2277 2148 2335 sciamus
2213 2276 2343 2349 quia
2405 2277 2691 2350 apostolus
2755 2276 3101 2334 naturalibus

1108 2369 1288 2444 magis
1314 2388 1481 2444 quam
1515 2372 1763 2447 uulgatis
1797 2377 1896 2429 aut
1927 2371 2234 2429 secundum
2264 2373 2439 2429 artem
2473 2371 2653 2428 utitur
2684 2370 2890 2429 uerbis.
2924 2371 3100 2429 talis

1106 2484 1275 2541 ergo
1300 2467 1485 2541 inquit
1509 2466 1710 2524 nobis
1736 2466 2036 2523 decebat
2061 2466 2414 2539 princepe,
2448 2465 2741 2522 sacerdo
2762 2483 2807 2532 s,
2839 2463 3100 2532 iustus,
3129 2486 3171 2522 ιο

1106 2563 1425 2628 sanctm,
1450 2560 1807 2627 innoc-ens,
1834 2559 2335 2623 inmaculatus,
2363 2561 2790 2633 segregatus
2819 2576 3102 2633 apecca·

1266 2791 1295 2837 5
1327 2788 1427 2836 Iob.
1465 2791 1507 2844 1,
1540 2789 1601 2836 29
1719 2789 1749 2836 6
1781 2788 1913 2839 Rom.
1949 2790 1993 2845 3,
2027 2790 2088 2838 25
2205 2789 2263 2836 10
2294 2787 2470 2836 Psalm.
2506 2787 2685 2838 CVIIII
2716 2791 2748 2837 4
2869 2790 2928 2838 14
2959 2788 3101 2837 Hebr.

1108 2867 1154 2922 7,
1188 2867 1249 2915 26
1346 2867 1402 2914 17
1446 2866 1638 2915 Sallust.
1671 2866 1796 2915 Hist.
1830 2867 1854 2914 I
1887 2867 1948 2915 98
1972 2867 2038 2915 D.
2074 2867 2117 2926 (Ι
2152 2867 2240 2915 140
2274 2866 2372 2922 Μ.)
2407 2866 2533 2929 apud
2565 2867 2847 2915 Arusianum
2878 2867 3104 2916 Messium

1107 2943 1321 2992 Gramm.
1352 2944 1458 2991 Lat.
1491 2943 1584 2991 VII
1613 2945 1707 2993 465
1739 2944 1806 2993 Κ.
1842 2944 1986 3004 (adde
2020 2946 2150 2993 Seru.
2183 2944 2245 2992 ad
2270 2944 2414 3007 Uerg.
2437 2946 2552 2993 Aen.
2580 2945 2697 2994 VlII
2732 2944 2861 3007 127);
2896 2945 2955 2993 cf.
2980 2946 3103 2995 Bue-

1113 3022 1271 3070 cheler
1300 3021 1420 3071 Mus.
1454 3021 1603 3069 Rhen.
1636 3022 1885 3070 xxxxm
1917 3023 2009 3071 293
2106 3023 2168 3072 19
2198 3023 2342 3071 Hebr.
2377 3024 2422 3079 7,
2455 3024 2515 3072 26

1177 3156 1200 3203 1
1235 3154 1479 3203 obstruere
1512 3157 1563 3202 et
1591 3154 1711 3203 P0⁴‘
1743 3159 1789 3203 et
1818 3154 1891 3218 (et
1927 3170 1966 3203 s.
2006 3164 2075 3213 u.)
2117 3155 2162 3203 T
2198 3154 2466 3203 obstrueret
2496 3157 2542 3203 A
2586 3157 2629 3219 (t
2667 3171 2804 3211 erac.⁹
2845 3158 3056 3206 restituit
3083 3161 3107 3205 t

1110 3235 1194 3281 m2
1224 3238 1270 3281 et
1297 3247 1334 3282 s.
1365 3233 1559 3294 scripsit
1587 3233 1612 3282 1
1640 3237 1710 3292 re)
1744 3231 1989 3282 obstruere
2021 3240 2104 3282 cet.
2200 3236 2231 3282 4
2263 3238 2438 3281 mortes
2469 3235 2527 3284 Ψ
2563 3237 2703 3293 (corr.
2738 3235 2837 3297 m2)
2872 3241 3025 3285 morte
3056 3235 3108 3291 D

1104 3317 1157 3359 et
1197 3312 1380 3369 (mortis
1419 3315 1560 3370 corr.)
1607 3311 1653 3359 T
1835 3312 2063 3361 liberaret
2107 3317 2157 3361 et
2198 3314 2242 3359 A
2286 3315 2357 3372 (et
2393 3327 2435 3362 s.
2471 3327 2519 3360 u.
2560 3315 2662 3371 m2)
2696 3313 2749 3361 D
2791 3314 2860 3376 (et
2900 3319 3027 3375 exp.)
3067 3313 3110 3362 T

1174 3392 1386 3437 exureret
1416 3390 1464 3436 A
1496 3392 1539 3450 (r
1560 3404 1640 3451 pr.
1671 3405 1710 3438 s.
1743 3405 1792 3437 u.
1824 3406 1885 3439 m.
1919 3395 2038 3446 ant..
2070 3406 2108 3439 s.
2141 3393 2224 3439 m2
2253 3391 2277 3437 1
2309 3390 2518 3451 exueret)
2661 3394 2689 3440 5
2724 3393 2805 3454 qui
2837 3392 3020 3443 Pssml
3048 3393 3107 3442 21⁴

1108 3470 1186 3514 ml
1232 3465 1287 3514 θ’
1330 3467 1434 3528 quis
1474 3471 1514 3526 (s
1558 3483 1596 3516 s.
1640 3473 1712 3527 u.)
1750 3469 1852 3518 AV
1891 3475 1934 3517 et
1975 3470 2033 3520 W
2061 3472 2144 3517 212
2183 3470 2226 3519 U
2254 3472 2336 3516 m3
2381 3470 2486 3531 quis
2523 3475 2606 3517 cet.
2845 3469 3026 3519 dictum
3067 3470 3111 3518 V

1108 3546 1142 3593 6
1174 3550 1418 3607 peccatum
1449 3546 1750 3597 APVwOT
1776 3552 1973 3609 peccata
2004 3553 2086 3595 cet.
2244 3550 2491 3611 preposuit
2521 3549 2570 3596 P
2723 3549 2752 3596 9
2784 3548 3005 3612 princeps
3038 3554 3109 3598 est
3136 3543 3142 3550 ’

1111 3622 1246 3673 21⁴⁴&
1401 3625 1700 3673 sacerdotum
1719 3628 1936 3675 ...recte
1969 3641 2055 3673 om.
2101 3625 2206 3683 VN,
2238 3628 2295 3673 in
2324 3642 2414 3689 my.
2446 3631 2530 3674 m2
2565 3628 2611 3675 T
2764 3626 2853 3674 deo
2887 3632 2997 3686 (om.
3029 3627 3106 3689 de)

1112 3701 1264 3759 APG',
1298 3701 1357 3750 de
1391 3717 1445 3751 eo
1479 3719 1568 3752 om.
1604 3703 1656 3751 D
1752 3704 1810 3752 14
1843 3703 2044 3752 decebat
2074 3704 2212 3753 nobis
2249 3706 2295 3753 T
2407 3711 2523 3768 post
2554 3705 2754 3754 decebat
2778 3705 2894 3754 add.
2918 3708 2968 3754 A
2997 3720 3036 3755 s.
3060 3720 3108 3753 ιι.

1109 3782 1196 3827 2122
1226 3783 1281 3828 ut
1314 3784 1442 3829 esset
1474 3781 1687 3842 pontifex
1776 3783 1833 3829 15
1858 3785 1909 3830 et
1931 3781 2061 3844 apud
2084 3784 2128 3830 A
2165 3785 2234 3841 (et
2263 3798 2302 3832 s.
2333 3799 2383 3832 u.
2415 3788 2516 3842 m2)
2553 3784 2652 3832 VN
2655 3784 2700 3832 T
2793 3785 2850 3833 16
2884 3784 3108 3834 delictum

1113 3862 1160 3907 A
1195 3862 1251 3918 (s.
1283 3863 1367 3906 m2
1395 3860 1419 3906 1
1450 3859 1696 3919 dilectum)
1729 3859 1906 3906 1²00·
1940 3859 2167 3909 dilectum
2199 3861 2252 3909 D
2283 3867 2327 3911 et
2357 3866 2431 3910 ml
2460 3863 2561 3913 Μ’
2603 3863 2813 3911 studium
2851 3864 2896 3911 T
2924 3864 2981 3911 in
3012 3878 3108 3913 rae.

1107 3937 1352 3985 delectum
1382 3938 1524 3987 Una-3
1555 3937 1614 3988 21¹
1630 3941 1713 3985 m2
1743 3944 1825 3986 cet.
1954 3953 1983 3986 a
2015 3954 2108 4002 quo
2151 3941 2196 3988 V
2224 3940 2427 4002 quodam
2458 3941 2503 3989 T
2532 3941 2627 3989 alio
2651 3941 2709 3990 N
2836 3942 2891 3991 17
2914 3943 3020 3992 loco
3044 3943 3108 3993 N‘
