4242 4694
1208 530 1371 589 XIIJJ
2018 527 2398 578 Praefatio.

1210 700 1414 773 potuit,
1456 717 1656 776 magno
1696 700 1963 774 temporis
2004 700 2186 773 spatio
2226 700 2353 757 inde
2393 700 2462 758 ab
2502 717 2553 759 a.
2596 701 2987 761 CCCLXXVII
3028 719 3204 776 usque

1211 795 1281 853 ad
1338 812 1386 852 a.
1444 792 1912 853 CCCLXXXXVI
1969 794 2266 866 conscripti
2323 795 2537 872 sunt.¹)
2594 795 2649 853 in
2688 795 2880 854 libello
2944 795 3024 853 de
3086 796 3205 853 Na-

1208 889 1471 947 buthae
1510 888 1779 962 temporis
1818 886 2085 945 indicium
2128 886 2344 945 nullum
2378 891 2542 950 extat.
2574 887 2952 948 Maurinorum
2993 892 3049 947 et
3079 891 3205 948 Bal-

1211 982 1395 1040 lerinii
1434 982 1777 1040 coniecturas
1818 981 2084 1039 refutauit
2122 981 2264 1050 Ihm,
2307 982 2402 1054 qui
2435 982 2604 1041 simul
2644 1000 2749 1042 uon
2791 985 2977 1058 inepte
3020 986 3203 1058 suspi-

1212 1080 1371 1134 catus
1422 1079 1508 1133 est
1555 1075 1660 1134 hoc
1710 1076 2040 1150 opusculum
2082 1075 2277 1133 eodem
2316 1092 2426 1149 quo
2466 1075 2716 1134 libellum
2760 1077 2827 1134 de
2866 1077 3031 1135 Helia
3068 1081 3207 1136 tem-

1212 1186 1342 1245 pore
1368 1174 1550 1227 ortum
1578 1186 1702 1227 esse
1725 1174 1949 1244 propter
1980 1170 2254 1244 quandam
2287 1171 2599 1245 argumenti
2632 1173 2959 1246 generisque
2989 1171 3203 1230 dicendi

1212 1262 1721 1339 similitudinem.²)
1762 1263 1910 1321 idem
1951 1265 2091 1322 scite
2132 1263 2442 1337 disputauit
2472 1263 2538 1321 de
2569 1264 2711 1322 libro
2746 1265 2840 1338 qui
2881 1265 2948 1322 de
2988 1265 3207 1323 Tobia

1211 1358 1532 1416 inscribitur
1587 1374 1824 1431 eumque
1880 1361 2010 1430 post
2056 1357 2354 1431 epistulam
2405 1356 2620 1415 XVIIII
2669 1357 2737 1415 ad
2779 1359 3049 1434 Uigilium
3094 1360 3204 1434 cpi-

1214 1468 1446 1525 scopum
1486 1450 1867 1509 Tridentinum
1909 1469 1957 1509 a.
2002 1450 2386 1511 CCCLXXXV
2429 1451 2633 1520 datam,
2675 1470 2785 1527 qua
2823 1453 3049 1512 eandem
3088 1471 3203 1511 rem

1215 1544 1387 1602 simili
1434 1544 1600 1602 modo
1648 1544 1915 1602 tractauit
1951 1544 2279 1602 Ambrosius
2325 1560 2425 1602 nec
2473 1549 2657 1603 tamen
2707 1545 2885 1603 libelli
2927 1546 2993 1604 de
3034 1547 3207 1605 'I'obia

1213 1638 1547 1698 mentionem
1587 1638 1738 1706 fecit,
1780 1638 2091 1696 confectum
2135 1655 2256 1696 esse
2297 1639 2513 1698 statuit.
2532 1638 2578 1717 ⁸)
2619 1656 2759 1713 quae
2791 1641 3062 1698 sententia
3094 1658 3206 1698 ma-

1212 1732 1387 1789 iorem
1435 1732 1552 1790 sine
1600 1730 1766 1790 dubio
1816 1731 1932 1789 ueri
1983 1731 2225 1805 speciem
2265 1732 2433 1791 habet
2472 1750 2637 1806 quam
2677 1733 2737 1790 id
2777 1734 2923 1808 quod
2964 1734 3206 1792 Maurini

1215 1825 1425 1901 opinati
1474 1829 1608 1884 sunt
1644 1826 2002 1885 Ambrosium
2052 1826 2293 1901 epistula
2331 1826 2430 1884 illa
2469 1844 2534 1885 ea
2572 1844 2712 1901 quae
2759 1827 3024 1901 peculiari
3063 1829 3206 1887 libro

1213 1919 1559 1994 exposuisset
1595 1920 1838 1978 breuiter
1876 1920 2181 1996 repetiisse.
2215 1920 2378 1990 unde,
2415 1936 2541 1977 cum
2576 1919 2912 1991 Chunorum,
2945 1922 3040 1995 qui
3075 1924 3206 1991 540,

1214 2016 1249 2072 8
1292 2018 1805 2085 commemorantur,
1847 2031 2043 2073 nomen
2087 2032 2137 2072 a.
2179 2014 2544 2073 CCCLXXVI
2583 2015 2790 2094 populo
2822 2014 3068 2074 Romano
3101 2017 3208 2089 pri·

1212 2125 1368 2166 mum
1405 2109 1760 2173 innotuisset,
1802 2110 2101 2172 motatum
2143 2109 2210 2166 de
2250 2108 2426 2166 Tobia
2464 2108 2534 2166 ad
2573 2126 2623 2167 a.
2663 2109 2776 2166 fere
2818 2109 3209 2169 CCCLXXVII

1212 2201 1412 2260 referre
1452 2203 1765 2261 uoluerunt.

2159 2556 2259 2614 ΠΙ.

1294 2820 1646 2895 Disputaturi
1702 2821 1807 2879 lioc
1865 2820 2046 2894 capite
2103 2820 2170 2878 de
2225 2819 2489 2877 librorum
2537 2820 2635 2894 qui
2681 2822 2736 2879 in
2784 2820 2888 2880 hoc
2929 2823 3211 2881 uolumine

1215 2914 1406 2972 insunt
1446 2913 1848 2989 compositione
1890 2930 1951 2970 ac
2005 2913 2251 2972 fontibus
2294 2930 2326 2971 a
2363 2913 2521 2972 libris
2579 2914 2658 2972 de
2716 2915 2926 2973 Iacob
2983 2920 3040 2974 et
3095 2917 3210 2974 uita

1215 3009 1379 3066 beata
1410 3008 1704 3075 ordiamur,
1736 3008 1791 3065 in
1827 3008 2028 3081 quibus
2053 3008 2406 3065 Ambrosium
2440 3009 2771 3082 opusculum
2802 3009 2944 3068 falso
2975 3011 3210 3085 Iosepho

1259 3150 1263 3154 ’
1297 3161 1333 3222 ¹)
1368 3161 1426 3209 (le
1459 3161 1598 3209 Helia
1631 3160 1848 3223 exposuit
1881 3160 1939 3209 de
1973 3160 2050 3208 off.
2083 3160 2132 3209 11
2162 3161 2208 3218 4,
2245 3162 2303 3209 14
2335 3164 2385 3209 et
2417 3176 2572 3224 expos.
2606 3162 2654 3209 in
2689 3176 2857 3223 euang.
2890 3160 3048 3209 Lucae
3081 3160 3104 3209 Ι
3136 3162 3213 3222 36,

1215 3239 1335 3288 vm
1375 3240 1435 3288 96
1480 3244 1749 3301 (utrumque
1790 3253 1907 3300 opus
1939 3254 1980 3288 a.
2016 3237 2371 3288 CCCLXXXVI
2401 3240 2627 3302 scripturn
2661 3240 2768 3302 est),
2802 3239 2859 3288 de
2892 3239 3050 3288 uiduis
3086 3239 3127 3297 1,
3161 3241 3210 3297 3;

1216 3319 1263 3369 3.
1300 3319 1373 3374 14,
1407 3319 1487 3380 qui
1526 3318 1649 3367 liber
1689 3317 1749 3366 ad
1791 3333 1831 3368 a.
1866 3316 2202 3368 CCCLXXVII
2233 3318 2506 3367 referendus
2539 3320 2627 3376 est,
2662 3318 2719 3366 de
2752 3318 2869 3380 fuga
2901 3332 3024 3368 saec.
3056 3319 3102 3377 6,
3134 3319 3209 3370 34.

1218 3395 1277 3444 de
1318 3411 1411 3459 quo
1451 3396 1615 3445 libello
1654 3394 1792 3444 modo
1835 3396 2011 3444 <lictum
2055 3399 2143 3453 est,
2185 3397 2322 3458 epist.
2363 3397 2438 3452 63,
2480 3396 2540 3444 75
2579 3392 2623 3443 a.
2657 3394 3053 3445 CCCLXXXXVI
3086 3411 3210 3445 com·

1218 3475 1389 3536 posita,
1430 3475 1633 3536 denique
1674 3475 1811 3537 epist.
1853 3475 1929 3531 38,
1964 3476 2007 3532 7,
2042 3489 2160 3537 qnae
2201 3488 2293 3535 quo
2333 3477 2545 3535 tempore
2587 3473 2801 3521 confecta
2833 3474 2898 3521 sit
2927 3474 3211 3536 ignoramus.

1299 3551 1336 3611 ²)
1373 3551 1508 3601 stud.
1542 3553 1756 3601 Ambros.
1789 3553 1865 3603 20.

1298 3631 1335 3690 ³)
1370 3631 1504 3679 Stnd.
1539 3631 1752 3682 Ambros.
1787 3633 1859 3680 19.
1900 3630 2202 3694 impugnauit
2239 3630 2360 3678 hanc
2400 3629 2686 3678 sententiam
2717 3629 2755 3679 1.
2790 3629 2982 3678 Kellner
3012 3631 3059 3678 in
3091 3631 3214 3680 libro

1220 3711 1301 3772 qni
1333 3710 1606 3758 inscribitur
1640 3710 1753 3758 ‘Der
1782 3709 1827 3757 h.
1862 3709 2137 3758 Ambrosius
2162 3709 2233 3757 als
2256 3708 2476 3757 Erklarer
2500 3709 2583 3756 des
2604 3709 2732 3756 alten
2758 3708 2902 3758 Test.'
2927 3709 3215 3757 Ratisbonae

1216 3803 1262 3836 a.
1299 3789 1420 3836 1893
1460 3788 1587 3836 edito
1628 3804 1673 3849 p.
1719 3788 1821 3840 123.
1864 3786 1947 3833 sed
1989 3787 2114 3848 quod
2155 3786 2357 3848 protulit
2390 3789 2733 3847 argumentum,
2763 3787 3028 3843 Ambrosio,
3062 3788 3212 3849 prius-

1220 3881 1359 3928 quam
1386 3865 1618 3927 Uigilium
1651 3865 1710 3912 ad
1743 3865 1907 3911 faenus
1939 3864 2152 3926 iniquum
2185 3863 2510 3912 insectandum
2545 3866 2784 3923 excitaret,
2809 3866 2900 3928 ipsi
2933 3865 3214 3913 toculliones

1220 3943 1528 4006 exagitandos
1573 3942 1734 3999 fuisse,
1781 3945 1907 3989 certe
1951 3957 2042 3989 non
2088 3943 2327 3998 maiorem,
2373 3943 2515 3990 immo
2570 3944 2808 3991 minimam
2859 3944 2960 3990 ucri
3008 3943 3211 4004 speciem

1216 4022 1379 4069 habet.
