4242 4694
1533 571 1607 619 ne
1638 569 1894 618 nabath„
1929 569 2001 618 12.
2031 569 2104 627 13,
2137 569 2324 619 53-55
2365 569 2409 630 (ι
2434 568 2723 627 58013—11').
3017 572 3131 629 499

1127 760 1299 801 mam
1340 746 1528 800 tuam
1570 745 1639 799 et
1676 739 1889 799 redde
1932 740 2249 799 debitum
2292 743 2486 798 tuum
2526 742 2596 797 et
2635 741 2985 813 responde
3027 759 3129 816 pa-

1129 836 1348 895 cifica
1386 837 1453 894 in
1494 833 2061 895 mansuetudine.

1009 924 1043 981 4
1207 928 1354 1001 Quid
1401 929 1550 987 enim
1599 928 1907 1001 superbias,
1951 928 2151 986 diues?
2206 928 2340 1001 quid
2381 928 2534 986 dieas
2574 928 2828 1002 pauperi:
2887 928 2998 985 noli
3043 946 3129 986 me
3162 941 3206 989 D

1125 1027 1388 1100 tangere?
1443 1039 1624 1081 nonne
1681 1023 1762 1081 sie
1820 1026 1978 1080 utero
2031 1026 2333 1098 conceptus
2389 1026 2448 1080 et
2501 1025 2664 1080 natus
2724 1039 2786 1080 ex
2841 1024 2998 1080 utero
3050 1040 3128 1092 es,

1068 1136 1091 1172 ε
1125 1118 1588 1193 quemadmodum
1634 1120 1720 1176 est
1759 1134 1967 1192 pauper
2005 1120 2205 1175 natus?
2247 1116 2382 1191 quid
2421 1120 2478 1175 te
2508 1117 2683 1174 iactas
2717 1115 2786 1173 de
2817 1115 3125 1176 nobilitatis
3164 1127 3211 1176 Ε.

1125 1213 1419 1288 prosapia?
1477 1211 1671 1271 soletis
1721 1216 1778 1269 et
1819 1228 2016 1269 cauum
2055 1214 2373 1269 uestrorum
2415 1211 2656 1286 origines
2697 1210 2848 1269 sieut
2887 1209 3129 1269 diuitum

1124 1323 1425 1375 recensere,
1468 1306 1662 1364 soletis
1697 1309 1753 1364 et
1784 1322 2052 1380 equorum
2090 1308 2404 1364 uestrorum
2442 1304 2790 1363 nobilitatem
2822 1304 2973 1364 sicut
3003 1322 3131 1363 oon-

1127 1402 1315 1459 sulum
1369 1399 1701 1473 praedicare.
1757 1400 1853 1458 ille
1903 1416 1967 1458 ex
2021 1400 2119 1458 illo
2167 1401 2322 1473 patre
2370 1403 2666 1474 generatus
2706 1402 2796 1457 est
2834 1404 2892 1456 et
2929 1415 2992 1457 ex
3033 1399 3132 1456 illa

1125 1497 1302 1552 matre
1343 1494 1545 1563 editus,
1586 1494 1683 1551 ille
1725 1510 1831 1553 auo
1870 1494 1968 1553 illo
2011 1494 2234 1568 gaudet,
2267 1494 2363 1551 ille
2401 1510 2461 1552 se
2492 1494 2717 1567 proauis
2752 1494 2990 1552 adtollit.
3032 1494 3131 1551 sed

1048 1611 1092 1646 ιο
1126 1590 1265 1647 nihil
1313 1589 1468 1646 istud
1519 1591 1829 1647 currentem
1870 1590 2055 1660 iuuat3
2114 1605 2222 1646 non
2264 1587 2428 1646 datur
2466 1587 2748 1646 nobilitati
2786 1589 2989 1663 palma,
3030 1587 3130 1647 sed

1126 1683 1335 1741 cursui.
1393 1682 1690 1742 deformior
1737 1686 1825 1741 est
1864 1683 2071 1751 uictus,
2112 1683 2170 1740 in
2211 1699 2320 1756 quo
2364 1686 2430 1741 et.
2461 1683 2723 1741 nobilitas
2763 1683 3125 1757 periclitatur.

1126 1793 1263 1835 caue
1317 1777 1508 1852 igitur,
1552 1777 1726 1846 diues,
1771 1794 1836 1834 ne
1884 1778 1940 1834 in
1989 1780 2047 1835 te
2087 1776 2418 1835 erubescant
2453 1780 2679 1834 tuorum
2722 1778 2920 1835 merita
2956 1776 3126 1835 maio·
3165 1787 3207 1836 F

1121 1888 1267 1941 rum,
1299 1888 1368 1928 ne
1400 1870 1543 1928 forte
1577 1874 1634 1928 et
1663 1871 1777 1929 illis
1812 1870 2053 1929 dicatur:
2094 1872 2211 1929 ‘cur
2242 1871 2411 1928 talem
2445 1870 2794 1936 instituistis,
2828 1887 2928 1928 eur
2958 1870 3128 1928 talem

1123 1965 1378 2039 elegistis
1418 1965 1733 2023 heredem?
1765 1982 1871 2023 non
1912 1966 1967 2022 in
2011 1965 2218 2023 auratis
2260 1965 2613 2038 laquearibus
2658 1981 2758 2022 neo
2796 1965 2853 2022 in
2893 1966 3127 2040 porphy-

1047 2080 1097 2118 ιο
1122 2060 1313 2117 reticis
1364 2059 1589 2117 orbibus
1631 2060 1849 2118 heredis
1891 2063 1979 2118 est
2019 2061 2297 2118 meritum.
2354 2061 2478 2119 laus
2518 2061 2631 2118 ista
2669 2077 2776 2118 uon
2819 2061 3126 2130 hominurn,

1124 2153 1224 2212 sed
1256 2154 1606 2211 metallorum
1640 2157 1746 2224 est,
1778 2152 1833 2211 in
1867 2152 2071 2227 quibus
2103 2154 2358 2212 homiues
2398 2154 2722 2226 puniuntur.
2763 2171 2862 2229 per
2900 2157 3126 2229 egentes

1126 2263 1318 2306 aurum
1362 2247 1644 2320 quaeritur
1676 2250 1734 2303 et
1766 2247 2059 2323 egentibus
2093 2247 2415 2323 denegatur.
2456 2248 2712 2306 laborant
2745 2251 2809 2305 ut
2842 2252 3124 2321 quaerant,

1010 2335 1046 2390 5
1121 2340 1377 2399 laborant
1422 2345 1489 2399 ut
1533 2341 1820 2400 inueniant
1863 2341 2009 2415 quod
2049 2342 2250 2400 habere
2291 2359 2398 2399 non
2440 2347 2657 2400 norunt.
2715 2343 2883 2401 miror
2921 2346 3126 2408 tamen,

1121 2452 1223 2493 cur
1280 2452 1344 2493 eo
1397 2452 1519 2504 uos,
1570 2435 1793 2506 diuite3‚
1842 2436 2127 2494 iactandos
2183 2436 2414 2509 putetis,
2466 2453 2593 2493 cum
2643 2453 2838 2493 aurum
2893 2436 3126 2493 materia

1040 2554 1089 2588 ιο
1119 2530 1304 2604 magis
1354 2529 1676 2588 offensionis
1727 2547 1891 2604 quam
1936 2530 2432 2588 commendationis
2475 2531 2654 2607 gratia
2694 2531 2795 2598 sit:
2843 2531 2904 2588 -li
2920 2547 3124 2606 gnum

1277 2791 1306 2839 3
1339 2791 1449 2840 Bas.
1484 2791 1576 2841 276
1607 2790 1648 2839 Β
1681 2794 1764 2852 (50
1799 2792 1861 2852 A)
1958 2795 1985 2842 7
2019 2794 2128 2842 Bas.
2163 2793 2255 2844 285
2288 2794 2329 2842 A
2365 2795 2444 2852 (53
2478 2793 2535 2858 C)
2629 2794 2693 2844 20
2725 2794 2814 2844 Sir.
2849 2795 2911 2844 84
2945 2795 3062 2854 (31),
3099 2794 3125 2841 7

1186 2933 1206 2980 1
1243 2933 1438 2995 pacifice
1469 2934 1517 2980 A
1612 2932 1641 2979 2
1675 2933 2044 2982 mansuidudine
2075 2936 2125 2983 P
2223 2937 2252 2984 3
2285 2936 2531 2999 superbias
2562 2937 2612 3000 (a
2640 2950 2680 2985 s.
2712 2941 2782 2995 u.)
2815 2936 2876 2985 1²⁴
2909 2935 3126 2998 superbis

1118 3011 1217 3070 (bis
1248 3025 1307 3059 a
1335 3011 1448 3059 bum
1478 3015 1564 3060 ΜΒ
1582 3012 1644 3063 91³
1674 3011 1743 3060 N¹
1910 3011 2028 3061 dicis
2064 3017 2111 3069 (a
2141 3027 2179 3062 s.
2214 3015 2231 3062 i
2265 3014 2372 3073 alt.)
2405 3014 2466 3062 P¹
2499 3014 2619 3063 dieis
2654 3016 2714 3073 (is
2747 3029 2806 3064 ex
2837 3018 2890 3063 at
2920 3018 3022 3072 91⁸2)
3058 3013 3128 3062 N'

1114 3093 1147 3139 4
1197 3090 1265 3139 sic
1305 3094 1440 3139 utero
1485 3090 1676 3139 CEDT
1712 3091 1782 3139 sic
1821 3091 1871 3139 in
1911 3093 2046 3139 utero
2087 3090 2295 3139 RBAP·
2334 3093 2458 3140 sieut
2498 3095 2634 3140 utero
2674 3095 2733 3144 Ψ
2773 3093 2843 3141 sic
2882 3097 2937 3141 tu
2979 3094 3022 3144 st
3045 3096 3130 3141 ΜΒ

1117 3169 1281 3227 (cuius
1309 3169 1555 3228 emptura
1578 3170 1832 3230 primaria
1865 3168 2053 3217 dinosci
2083 3169 2184 3215 iam
2214 3183 2317 3217 vum
2341 3175 2517 3230 potest)
2552 3170 2677 3218 siout
2709 3186 2799 3233 ego
2832 3171 2941 3219 P13¹
3077 3185 3126 3218 es

1117 3261 1173 3296 ex
1206 3250 1341 3295 utero
1372 3246 1454 3304 N,
1489 3262 1538 3294 es
1571 3262 1661 3295 om.
1704 3248 1749 3295 Τ
1902 3249 1930 3295 5
1981 3246 2375 3308 quemadmodum
2413 3251 2487 3296 est
2517 3264 2698 3311 pauper
2730 3252 2870 3297 natus
2903 3265 2991 3298 om.
3028 3250 3131 3298 ΒΤ

1181 3329 1256 3373 est
1294 3339 1473 3387 pauper
1512 3330 1653 3373 natus
1687 3327 1736 3373 P
1772 3340 1954 3388 pauper
1993 3329 2068 3373 est
2106 3329 2248 3374 natus
2280 3326 2482 3375 Monac.
2515 3330 2682 3376 10041
2721 3331 2795 3376 est
2834 3332 2973 3376 natus
3017 3335 3123 3385 (om.

1114 3409 1314 3466 pauper)
1349 3403 1410 3451 13⁴
1455 3406 1504 3451 et
1544 3419 1724 3467 pauper
1766 3408 1839 3453 est
1878 3409 2022 3452 natus
2065 3410 2147 3452 cet.
2338 3404 2415 3468 de]
2460 3405 2540 3455 diu
2573 3407 2676 3454 BT
2709 3412 2753 3455 et
2788 3406 2867 3465 (de
2900 3409 3043 3466 corr.)
3075 3409 3127 3456 D

1115 3484 1145 3530 6
1181 3482 1378 3544 originis
1414 3487 1483 3540 (es
1516 3497 1575 3530 ex
1605 3484 1665 3539 is)
1698 3483 1748 3531 P
1875 3484 2081 3545 origines
2102 3487 2461 3533 ...uestrorum
2493 3500 2582 3533 om.
2615 3485 2676 3533 Ρ
2772 3486 2802 3533 8
2836 3490 2911 3534 est
2943 3502 3031 3536 oret.
3058 3486 3125 3535 ΙΨ

1180 3575 1233 3609 ex
1269 3561 1355 3609 alt.
1390 3576 1480 3609 om.
1518 3561 1688 3609 c'Bw'
1808 3564 1838 3610 9
1871 3562 1983 3624 illel
2010 3563 2095 3610 ille
2128 3563 2198 3611 ΙΨ
2338 3563 2438 3626 ille]
2475 3563 2572 3611 illis
2609 3564 2713 3611 ('N⁴
2865 3565 3026 3613 attolli
3058 3565 3125 3613 N'

1115 3637 1310 3688 adtollis
1343 3640 1406 3687 B‘
1504 3640 1559 3688 11
1593 3641 1823 3689 nobilitas
1856 3642 2043 3702 generis
2077 3641 2301 3690 AGB⁴N¹
2441 3644 2751 3705 pereclitatur
2781 3645 2830 3693 P
2925 3646 2983 3694 12
3019 3659 3124 3693 eru-

1114 3718 1303 3767 biscant
1327 3719 1374 3766 P
1499 3719 1556 3767 13
1591 3733 1672 3766 cur
1702 3720 1848 3767 talem
1885 3719 2100 3781 elegistis
2133 3735 2223 3768 om.
2254 3720 2435 3779 BAN,
2468 3736 2502 3769 s.
2539 3737 2587 3769 u.
2622 3726 2705 3770 m2
2735 3723 2785 3770 Β
2927 3726 2986 3772 14
3020 3738 3124 3785 por-

1112 3797 1372 3858 phyreticis
1400 3796 1502 3843 ΟΒ·
1527 3796 1828 3859 porfyreticis
1853 3797 1950 3845 ΒΑ
1976 3798 2308 3860 porphireticis
2333 3800 2452 3847 BN‘
2475 3800 2757 3863 porflreticis
2782 3808 2866 3850 cet.
2960 3803 3015 3849 16
3041 3817 3124 3865 po·

1112 3877 1289 3921 nuntur
1319 3874 1364 3921 T
1392 3880 1437 3922 et
1469 3875 1750 3937 (puniuntur
1782 3879 1923 3935 corr.)
1957 3874 2010 3923 D
2107 3877 2163 3925 19
2198 3891 2277 3925 eos
2313 3882 2354 3936 (s
2380 3882 2523 3937 eras.)
2550 3880 2611 3927 P
2636 3894 2783 3942 equos
2810 3887 2917 3940 (om.
2944 3886 3048 3938 uos)
3086 3881 3131 3929 T

1176 3952 1401 4000 iucundos
1434 3952 1484 4001 R
1517 3955 1564 4012 (o
1590 3968 1670 4013 pr.
1705 3968 1764 4001 ex
1796 3960 1845 4012 u)
1885 3958 1922 4001 A
1958 3953 2188 4003 iucundos
2222 3956 2270 4004 B
2301 3957 2523 4007 iactando
2560 3959 2602 4006 (Υ
2751 3975 2935 4026 ιιιιιι·ιιιιι
2969 3964 3018 4021 (ιι
3045 3976 3124 4023 pr.

1110 4044 1149 4078 s.
1185 4034 1254 4086 u.)
1289 4030 1337 4078 R
1369 4045 1497 4077 arum
1533 4031 1580 4077 B
1614 4031 1779 4080 harum
1814 4034 1858 4081 A
1892 4047 2006 4080 auro
2039 4032 2108 4080 N‘

2971 4135 3059 4181 32*
