4242 4694
1157 528 1266 583 132
1979 524 2324 571 Ambrosii

1061 696 1132 751 14
1149 697 1325 755 totius
1383 696 1532 753 orbis
1588 696 1844 753 includit.
1903 700 2088 753 tamen
2146 697 2468 770 prophetiae
2518 697 2649 754 huic
2697 697 2870 754 etiam
2919 698 3155 772 gratiam

1148 790 1376 848 uidetur
1437 789 1840 848 benedictionis
1907 789 2223 866 adiungere.
2289 807 2413 847 nam
2483 794 2539 847 et
2592 790 2664 847 ad
2716 790 3156 866 primogenitum

1146 884 1343 942 Ruben
1372 884 1637 942 dicendo:
1667 902 1796 942 non
1825 886 2269 942 efferuescas
2297 887 2374 941 nt
2412 901 2591 958 aqua
2620 886 3156 958 peccatumstatuit,

1148 981 1279 1053 quia
1318 996 1464 1052 aqna
1501 979 1765 1036 mundare
1807 979 1987 1052 magis
2029 977 2233 1035 delicta
2272 982 2599 1051 mentesque
2640 981 2863 1036 nostras
2904 980 2976 1037 ab
3011 981 3158 1038 omni

1149 1074 1294 1131 solet
1333 1074 1603 1131 uitiorum
1642 1074 1856 1130 femore
1898 1089 2174 1139 reuocare,
2217 1075 2275 1128 et
2305 1073 2507 1129 iterum
2540 1072 2771 1131 dicendo
2805 1073 2880 1131 ad
2912 1074 3152 1148 Symeon
3196 1095 3215 1131 ε

1146 1171 1203 1224 et
1257 1168 1429 1225 Leui:
1490 1166 1809 1225 diuidam
1871 1183 1996 1223 uos
2061 1167 2128 1222 in
2194 1167 2412 1223 Iacob
2480 1170 2549 1222 et
2612 1167 3028 1243 dispergam
3089 1170 3152 1227 in

1144 1262 1381 1318 Istrah
1399 1262 1461 1318 el
1489 1260 1733 1318 ostendit
1754 1261 2005 1334 gentium
2034 1260 2457 1335 congregatione
2483 1260 2861 1329 redimendos:
2884 1279 3152 1336 percusso

1146 1355 1290 1413 enim
1330 1356 1555 1429 pastore
1595 1371 1725 1428 grex
1756 1355 1854 1410 ille
1887 1353 2170 1427 dispersus
2205 1358 2306 1421 est,
2343 1355 2437 1426 qni
2470 1354 2651 1411 fuerat
2681 1357 2808 1412 ante
2843 1356 3152 1425 conlectus,

1144 1453 1207 1506 ut
1255 1449 1351 1521 qui
1400 1466 1508 1506 non
1559 1452 1676 1505 erat
1721 1449 1974 1505 introiret
2015 1451 2072 1505 et
2111 1449 2191 1505 sic
2235 1449 2414 1505 omnis
2456 1449 2696 1505 Istrahel
2736 1450 2936 1508 saluus
2976 1450 3151 1512 fieret.

1145 1547 1203 1601 et
1248 1544 1484 1600 maxime
1532 1545 1758 1616 propter
1804 1542 2011 1599 tribum
2060 1543 2198 1599 Leui
2248 1542 2514 1600 debemus
2564 1543 2670 1600 hoc
2720 1544 2968 1610 credere,
3024 1546 3154 1619 quia
3180 1568 3216 1601 ιι

1144 1654 1206 1693 ex
1247 1653 1313 1694 ea
1349 1635 1501 1694 tribu
1543 1636 1798 1693 dominus
1838 1636 1998 1692 Iesus
2038 1635 2262 1693 uidetur
2302 1636 2609 1693 secundum
2642 1638 2890 1708 corporis
2925 1655 3152 1712 suscep·

1141 1730 1349 1788 tionem
1398 1746 1572 1804 genus
1623 1729 1842 1786 ducere.
1894 1747 1956 1786 ex
2005 1747 2115 1802 qua
2161 1730 2310 1787 tribu
2361 1733 2494 1788 sunt
2542 1730 2862 1788 sacerdotes
2905 1732 3049 1791 Leui
3097 1738 3152 1791 et

1140 1824 1381 1891 Nathan,
1432 1841 1572 1896 quos
1623 1827 1849 1881 sanctus
1896 1824 2078 1881 Lucas
2135 1824 2188 1879 in
2247 1823 2523 1898 euangelii
2581 1823 2741 1893 libro,
2801 1841 2971 1897 quem
3032 1826 3151 1900 ipse

1141 1918 1384 1990 scripsit,
1425 1918 1570 1975 inter
1607 1918 1844 1975 maiores
1880 1917 2086 1975 domini
2121 1918 2464 1991 conputauit.
2499 1918 2756 1975 sacerdos
2791 1918 2940 1976 enim
2970 1921 3149 1994 patris

1141 2014 1197 2069 et
1235 2011 1492 2085 princeps
1537 2012 1782 2072 omnium
1832 2010 2204 2083 sacerdotum,
2255 2012 2406 2069 sicut
2454 2012 2721 2085 scriptum
2774 2015 2896 2072 est:
2945 2016 3027 2072 tu
3078 2032 3145 2073 es
3176 2038 3214 2074 ιι

1141 2106 1476 2163 sacerdos
1517 2105 1584 2162 in
1627 2109 2008 2172 aeternum,
2052 2105 2414 2163 sacerdotalis
2456 2106 2685 2181 originis
2728 2108 3145 2166 successionem

1050 2199 1120 2253 15
1140 2199 1333 2257 debuit
1364 2198 1664 2256 uindicare.
1699 2198 1843 2255 unde
1877 2202 1933 2256 et
1964 2199 2191 2272 Moyses
2217 2198 2497 2257 benedixit
2520 2200 2660 2257 hanc
2684 2200 2896 2259 tribum
2922 2201 3145 2261 dicens:

1141 2292 1304 2349 date
1354 2292 1528 2349 Leui
1579 2294 1843 2350 sortem
1894 2292 2241 2367 suffragii
2292 2293 2402 2350 sui
2445 2296 2514 2351 et
2552 2293 2943 2352 ueritatem
2984 2297 3144 2354 eius

1140 2385 1296 2444 uiro
1348 2388 1616 2444 sancto.
1667 2386 1950 2444 benedixit
1995 2387 2220 2460 Moyses
2270 2388 2436 2444 etiam
2476 2388 2687 2445 tribum
2727 2388 2948 2459 Buben,
2992 2389 3147 2448 sicut

1139 2478 1310 2537 habes
1354 2480 1659 2554 scriptum:
1701 2480 1909 2537 uiuat
1946 2480 2189 2537 Ruben
2233 2484 2302 2538 et
2348 2499 2476 2539 non
2526 2482 2877 2540 moriatur
2925 2485 2999 2540 et
3047 2484 3213 2542 sits·

1137 2574 1411 2630 multus
1452 2573 1519 2629 in
1563 2590 1867 2631 numero.
1908 2590 2086 2646 neque
2129 2574 2274 2630 enim
2314 2574 2704 2643 benedixisset,
2746 2574 2795 2631 si
2830 2576 3143 2635 secundum

1136 2666 1480 2740 patriarchae
1538 2667 1871 2723 sententiam
1928 2666 2330 2724 benedictionis
2389 2667 2592 2725 scisset
2645 2668 2920 2743 indignos.
2988 2673 3143 2729 certe

1139 2760 1285 2833 quod
1327 2760 1564 2817 strictim
1609 2761 1704 2817 ille
1744 2762 2032 2835 praeteriit
2069 2762 2177 2819 iste
2218 2762 2516 2835 conpleuit.

1292 2944 1320 2991 3
1356 2942 1472 2991 Gen.
1505 2945 1582 3001 49,
1615 2945 1646 2991 4
1760 2945 1789 2992 6
1822 2944 1940 2993 Gen.
1972 2945 2049 3001 49,
2085 2947 2112 2992 7
2209 2947 2236 2992 7
2271 2945 2440 2994 Matth.
2476 2945 2552 3001 26,
2588 2946 2644 2994 31
2734 2946 2763 2993 9
2795 2945 2931 2994 Rom.
2967 2948 3047 3008 11,
3080 2949 3145 2997 26

1139 3023 1195 3068 12
1213 3022 1325 3069 Luc.
1350 3023 1395 3077 3,
1422 3023 1482 3069 29
1509 3024 1559 3069 et
1589 3023 1645 3070 31
1718 3023 1774 3070 15
1792 3022 1965 3069 Psalm.
1986 3022 2166 3071 cvlm
2198 3025 2229 3071 4
2297 3024 2353 3072 18
2378 3024 2521 3071 Deut.
2549 3025 2625 3080 33.
2651 3024 2680 3071 8
2744 3025 2807 3072 20
2830 3025 2976 3073 Dent.
3003 3026 3087 3082 33,
3112 3026 3143 3074 6

1200 3147 1219 3192 1
1258 3145 1462 3206 gratiam
1494 3160 1532 3193 s.
1564 3160 1613 3193 u.
1638 3146 1698 3201 P,
1733 3160 1820 3195 om.
1857 3146 1902 3193 V
2023 3147 2212 3194 uidetur
2245 3148 2387 3195 etiam
2423 3148 2624 3211 gratiam
2656 3148 2730 3198 21¹⁴
2764 3149 2912 3198 etiam
2943 3150 3143 3201 uidetur

1133 3224 1338 3283 gratiam
1371 3224 1422 3271 E
1537 3225 1565 3271 2
1600 3227 1650 3272 et
1679 3238 1716 3272 s.
1751 3239 1800 3271 u.
1832 3224 1899 3282 D,
1932 3240 2021 3272 om.
2063 3225 2107 3272 T
2221 3226 2250 3272 3
2283 3225 2482 3273 dicendo
2517 3226 2565 3273 B
2596 3228 2643 3287 (o
2678 3241 2737 3274 es:
2766 3232 2864 3288 um)
2995 3229 3140 3279 effer-

1133 3303 1354 3349 uescasut
1385 3302 1433 3348 B
1470 3303 1546 3363 (su
1585 3318 1624 3352 s.
1666 3308 1735 3361 u.)
1779 3303 2054 3351 efferuescat
2091 3305 2147 3354 π
2191 3305 2417 3352 efferueas
2448 3310 2503 3352 ut
2542 3304 2714 3355 w‘Eo
2747 3305 2976 3354 efferueas
3008 3308 3143 3358 aient

1142 3377 1236 3425 VD
1390 3381 1421 3426 4
1454 3379 1630 3428 delicta
1664 3381 1699 3439 (i
1732 3396 1790 3428 ex
1823 3385 1867 3439 e)
1900 3384 2209 3442 mentesquae
2244 3387 2311 3440 (te
2344 3398 2402 3430 cx
2433 3384 2492 3439 ti)
2526 3383 2574 3430 B
2729 3386 2759 3431 5
2791 3384 2976 3432 simeon
3007 3385 3142 3435 BP‘

1133 3458 1161 3504 9
1183 3456 1306 3516 sort.
1340 3472 1432 3504 non
1469 3458 1540 3512 <in
1577 3468 1660 3511 eo>
1798 3460 1949 3506 omnis
1982 3459 2030 3505 B
2065 3461 2099 3518 (i
2132 3475 2191 3507 ex
2224 3477 2265 3514 e)
2425 3462 2481 3509 13
2515 3460 2710 3508 natham
2744 3461 2872 3508 BP‘
2903 3468 2950 3511 et
2979 3470 3062 3511 nl
3092 3465 3143 3515 P

1193 3534 1341 3597 lenite
1376 3538 1425 3583 et
1458 3535 1707 3584 nathinnei
1737 3536 1786 3583 P
1813 3540 1899 3584 me
1936 3537 1991 3584 Γ
2022 3537 2170 3601 lenite
2203 3543 2253 3586 et
2284 3539 2603 3637 nathanein
2638 3539 2743 3598 (tha
2773 3556 2832 3588 ex
2862 3541 2956 3602 t'ni)
2975 3541 3041 3619 ,0
3068 3543 3138 3605 (in

1131 3656 1167 3689 s.
1196 3658 1223 3690 a
1248 3644 1355 3701 alt.)
1452 3645 1688 3705 euangelii
1710 3646 1769 3695 21⁴
1803 3645 1838 3703 (i
1873 3646 1959 3693 alt.
1995 3660 2031 3693 s.
2066 3662 2113 3694 u.
2146 3651 2247 3706 m2)
2315 3648 2373 3694 14
2406 3631 2655 3709 conposuit
2676 3649 2722 3694 B
2755 3650 2830 3706 (in
2852 3664 2943 3711 my.
2999 3635 3136 3716 'eonp

1131 3720 1329 3780 reliquie
1372 3735 1477 3768 cum
1518 3725 1735 3783 maraine
1779 3725 1995 3781 abscisis)
2043 3726 2322 3786 conputauit
2363 3728 2405 3788 (t
2450 3727 2536 3774 alt.
2576 3741 2613 3774 8.
2656 3741 2704 3774 u.
2733 3730 2838 3787 nm)
2874 3733 3138 3791 Gonnww'ss

1134 3801 1255 3857 (exp.
1288 3800 1389 3854 m2)
1423 3798 1472 3845 P
1591 3800 1648 3847 18
1681 3800 1892 3861 suffragii
1927 3802 2027 3848 eius
2059 3802 2125 3848 N‘
2248 3805 2305 3851 19
2339 3805 2480 3850 etiam
2513 3819 2697 3865 moyses
2728 3805 2796 3852 N⁴
2924 3805 2987 3855 22
3021 3824 3135 3858 sen-

1130 3875 1332 3922 tentiam
1365 3876 1413 3922 B
1446 3879 1546 3934 (ten
1578 3892 1615 3925 s.
1649 3882 1718 3934 u.)
1940 3879 2282 3927 benedictionis
2314 3882 2486 3941 scripsi
2517 3882 2872 3932 benedictiones
2907 3890 2950 3944 (s
2982 3894 3134 3942 eras.)

1129 3952 1233 4002 1391‘
1267 3953 1596 4003 benedictione
1628 3960 1709 4004 cet.
