4242 4694
1142 534 1260 591 444
1972 531 2315 580 Ambrosii

1142 703 1277 777 quia
1308 705 1439 762 uino
1472 721 1630 762 mens
1664 705 2005 779 peruertitur
2038 705 2274 763 ebriosi:
2312 708 2380 763 et
2418 723 2545 764 non
2588 707 2926 765 meminit
2965 708 3154 784 regis

1141 815 1263 856 nec
1336 798 1846 869 magistratus,
1920 801 1987 856 ιιι
2058 799 2331 873 scriptum
2404 803 2511 869 est,
2584 803 2655 858 et
2727 801 2968 860 omnia
3038 819 3156 876 per

1141 893 1421 950 talenta
1497 891 1683 951 facit
1760 892 1979 966 loqui.
2074 896 2145 951 et
2213 910 2346 951 non
2417 895 2930 964 meminerunt,
3007 912 3156 953 cum

1140 987 1498 1057 biberint,
1541 987 1912 1044 amicitiae
1951 1003 2077 1045 nec
2128 987 2488 1045 fraternae
2537 981 3158 1059 necessitudinis,

1140 1082 1240 1141 sed
1294 1086 1427 1156 post
1480 1082 1791 1139 tumultum
1847 1085 2079 1139 sumunt
2132 1081 2351 1156 gladios
2395 1082 2465 1141 'et
2520 1099 2647 1140 cum
2707 1099 2739 1140 a
2794 1082 2934 1140 uino
2986 1084 3157 1140 mersi
3201 1106 3222 1142 s

1138 1177 1348 1235 fuerint
1400 1179 1459 1235 et
1514 1177 1867 1243 surrexerint,
1922 1193 2030 1234 non
2086 1175 2457 1235 meminerunt
2502 1177 2613 1250 ipsi
2663 1193 2806 1250 quae
2855 1178 3159 1252 gesserint.

1048 1265 1121 1322 54
1139 1271 1348 1330 habent
1395 1289 1525 1348 ergo
1578 1272 1747 1330 etiam
1795 1271 2020 1346 dignam
2063 1270 2374 1330 mercedem
2414 1272 2715 1331 tumultus.
2755 1272 3158 1346 praeterieram
3233 1260 3236 1279 '

1140 1369 1287 1425 certe
1339 1382 1443 1442 ego
1486 1365 1758 1425 citharam
1796 1365 2066 1440 psalteria
2103 1368 2384 1440 tympana,
2426 1383 2567 1438 quae
2608 1365 2989 1442 cognouimus
3030 1381 3160 1425 con-

1139 1460 1310 1519 uiuiis
1373 1460 1764 1520 huiuscemodi
1826 1460 2144 1534 frequenter
2205 1459 2472 1528 adhiberi,
2535 1463 2602 1517 ut
2663 1461 2793 1518 uino
2859 1463 2921 1518 et
2986 1463 3158 1518 cantu

1141 1555 1453 1613 excitentur
1515 1553 1796 1614 libidines.
1861 1554 2113 1627 plerique
2169 1554 2337 1612 etiam
2392 1554 2617 1612 Persico
2673 1571 2827 1613 more
2880 1557 3156 1617 mulieres
3183 1576 3222 1614 ιο

1139 1648 1338 1725 dignas
1374 1650 1811 1707 temulentorum
1850 1649 2128 1706 consortio
2167 1648 2358 1706 induci
2397 1648 2593 1707 iubent
2631 1653 2688 1706 et
2735 1649 2803 1707 ab
2851 1649 2948 1708 his
2999 1650 3155 1711 fialas

1140 1743 1424 1817 accipiunt
1460 1745 1628 1817 atque
1668 1743 1785 1802 illis
1827 1760 1886 1800 se
1928 1743 2297 1801 substernunt
2329 1743 2672 1802 sedentibus.
2708 1747 2765 1801 et
2795 1743 2952 1803 hunc
2984 1746 3154 1804 ritum

1138 1842 1386 1896 sacratae
1434 1838 1643 1896 habent
1689 1838 2114 1908 obseruationis,
2162 1837 2449 1896 ebrietatis
2496 1838 2892 1899 ministerium.
2948 1839 3152 1898 habeut

1139 1938 1270 2008 ergo·
1319 1934 1514 1991 uinum
1556 1935 1616 1991 et
1654 1933 1906 1991 barbari:
1949 1933 2190 1991 libenter
2230 1932 2316 1991 his
2358 1933 2594 1991 Romani
2633 1932 2950 2007 indulgent,
2993 1937 3064 1991 ut
3098 1935 3152 1991 et

1137 2028 1249 2102 ipsi
1300 2029 1592 2086 soluantur
1639 2027 1694 2085 in
1743 2030 1913 2101 potus
1962 2031 2021 2086 et
2066 2028 2313 2086 eneruati
2363 2026 2632 2085 ebrietate
2657 2027 3001 2086 uincantur.
3048 2044 3145 2087 nee
3167 2047 3200 2084 ιι

1137 2124 1323 2182 solum
1364 2123 1560 2180 uinum
1600 2122 1923 2181 ebrietatem
1965 2121 2117 2191 facit,
2160 2122 2262 2180 sed
2302 2125 2360 2180 et
2398 2122 2592 2180 sicera.
2633 2120 2872 2194 denique
2904 2123 3145 2181 Hebraei

1138 2233 1358 2274 omnem
1400 2218 1597 2290 potum
1639 2216 1736 2288 qui
1773 2215 2013 2274 inebriat
2050 2215 2259 2274 sicerae
2300 2215 2521 2273 nomine
2560 2219 2780 2273 uocant.
3199 2223 3229 2276 Ι

1046 2302 1118 2358 55
1213 2310 1338 2369 Non
1394 2310 1654 2369 inmerito
1710 2326 1842 2385 ergo
1899 2327 2003 2368 uae
2056 2310 2173 2367 illis
2230 2310 2326 2383 qui
2383 2326 2544 2367 mane
2601 2310 2888 2369 ebrietatis
2951 2315 3140 2387 potum

1136 2405 1445 2478 requirunt,
1502 2420 1644 2477 quos
1700 2404 2068 2463 conueniebat
2121 2404 2224 2461 deo
2281 2404 2474 2462 laudes
2538 2405 2760 2472 referre,
2823 2406 3138 2479 praeuenire

1136 2499 1320 2556 lucem
1364 2502 1421 2557 et
1460 2515 1745 2557 occurrere
1787 2499 2034 2556 oratione
2075 2498 2180 2556 soli
2220 2498 2489 2565 iustitiae,
2532 2499 2628 2572 qui
2669 2515 2801 2556 suos
2844 2499 3050 2557 uisitat
3091 2504 3175 2556 ets

1298 2706 1320 2753 1
1356 2704 1566 2753 Hesdrae
1599 2704 1673 2753 111
1706 2705 1749 2761 3,
1784 2706 1841 2753 21
1877 2720 1947 2765 sq.
2032 2706 2089 2752 16
2121 2704 2234 2752 Bas.
2265 2706 2359 2753 456
2396 2706 2430 2753 Β
2467 2706 2577 2762 (127
2603 2705 2663 2763 Β)
2749 2705 2806 2754 18
2840 2706 2955 2754 Bas.
2990 2706 3136 2755 46οΒ

1139 2786 1250 2841 (129
1282 2785 1342 2840 Α)
1431 2784 1492 2832 20
1523 2783 1724 2831 Malach.
1756 2784 1803 2841 4,
1839 2784 1867 2831 2

1203 2896 1222 2942 1
1262 2892 1392 2955 quis]
1427 2894 1501 2941 cui
1535 2908 1564 2941 a
1586 2892 1644 2940 H
1766 2892 1963 2940 ebriosis
1988 2892 2048 2939 H
2076 2892 2195 2940 ebrii
2218 2892 2272 2941 D
2305 2895 2382 2951 (ex
2414 2892 2608 2952 ebriosi)
2630 2894 2691 2940 P‘
2778 2894 2807 2940 2
2839 2894 2951 2955 nec]
2989 2894 3069 2943 uel
3090 2892 3143 2953 Γ

1199 2987 1283 3035 per
1314 2972 1515 3034 talenta]
1553 2975 1719 3034 aperta
1755 2971 1860 3020 GH
1964 2972 1995 3039 4
2027 2970 2247 3019 biberent
2283 2971 2388 3020 GH
2495 2975 2524 3021 5
2557 2971 2641 3019 sed
2672 2986 2764 3019 non
2799 2975 2911 3033 post
2943 2974 3148 3022 multum

1141 3050 1245 3100 GH
1367 3054 1479 3119 sunt
1510 3049 1684 3113 gladiis
1717 3049 1771 3097 H
1898 3064 1927 3097 a
1956 3064 2047 3097 mn.
2082 3048 2207 3097 HH‘
2308 3052 2337 3098 6
2370 3051 2655 3098 surrexerint
2685 3050 2733 3097 P
2763 3054 2815 3107 (n
2846 3065 2893 3098 s:
2917 3051 2996 3113 ιι.)
3035 3050 3148 3101 GH'

1135 3130 1472 3178 resurrexerint
1503 3128 1557 3177 D
1588 3134 1632 3177 et
1667 3132 1734 3186 (re
1766 3131 1892 3190 exp.)
1928 3128 1988 3176 P·
2021 3133 2377 3177 exsurrexerunt
2408 3134 2459 3178 et
2488 3129 2548 3177 H
2683 3130 2922 3193 gesserint
2957 3131 2998 3189 (i
3031 3145 3093 3180 a
3121 3144 3152 3178 u

1136 3212 1235 3267 21⁸2)
1270 3208 1329 3256 H
1452 3208 1480 3256 7
1515 3223 1628 3271 ergo
1660 3221 1750 3256 om.
1784 3208 1845 3256 H
1978 3207 2243 3256 mercedem
2275 3208 2320 3270 (e
2354 3208 2441 3256 alt.
2475 3223 2534 3257 ex
2563 3208 2600 3266 i)
2635 3208 2683 3256 P
2803 3209 3069 3270 praeteriti
3099 3208 3158 3258 H

1133 3287 1163 3335 8
1196 3302 1312 3348 ergo
1341 3286 1468 3336 HH¹
1499 3292 1545 3335 et
1573 3287 1616 3349 (r
1646 3300 1683 3335 s.
1717 3287 1790 3349 u.)
1819 3287 1874 3336 D
1999 3287 2229 3335 chitaram
2260 3287 2311 3335 P
2339 3287 2523 3335 cithara
2547 3287 2605 3335 H
2633 3286 2828 3349 cythara
2855 3286 2902 3334 G
3036 3288 3151 3337 tim-

1135 3379 1260 3426 pana
1292 3364 1405 3412 PH‘
1436 3364 1699 3426 tymphana
1732 3368 1814 3424 (na
1846 3378 1883 3412 s.
1916 3369 1988 3423 u.)
2026 3363 2072 3414 G
2198 3366 2227 3412 9
2258 3365 2586 3413 huiuscemodi
2618 3366 2691 3426 (ce
2724 3368 2868 3422 eras.)
2901 3365 2955 3412 P
2985 3366 3155 3415 huius·

1135 3443 1263 3491 modi
1297 3447 1379 3490 cet.
1497 3442 1554 3490 10
1584 3440 1799 3489 libidinis
1830 3443 1881 3490 P
1908 3442 2107 3491 libidine
2138 3441 2199 3490 H
2321 3443 2465 3491 etiam
2496 3457 2586 3491 om.
2619 3442 2678 3490 H
2785 3443 2840 3489 11
2878 3442 3064 3492 filialas
3100 3444 3155 3500 (li

1135 3520 1276 3581 eras.)
1300 3521 1350 3567 P
1444 3521 1500 3568 12
1533 3521 1675 3568 ritum
1704 3519 1811 3568 GH
1835 3524 2015 3568 metum
2048 3526 2131 3568 cet.
2218 3521 2288 3585 ‘13
2321 3521 2669 3569 obseruationis
2704 3520 2763 3577 (is
2797 3535 2856 3568 ex
2889 3535 2940 3568 es
2968 3525 3078 3581 12⁸3)
3108 3521 3156 3570 G

1198 3599 1445 3647 ebrietatis
1480 3599 1541 3658 (is
1572 3614 1631 3647 a
1663 3614 1713 3647 es
1744 3602 1846 3657 m3)
1886 3599 1930 3648 G
2052 3600 2110 3648 14
2140 3598 2362 3648 romanus
2394 3598 2616 3661 indulget
2651 3598 2756 3647 GH
2880 3603 2936 3646 ut
2971 3615 3071 3649 om.
3110 3599 3155 3650 G

1139 3680 1195 3727 15
1244 3677 1497 3726 uincantur
1529 3681 1579 3736 (n
1603 3693 1684 3739 pr.
1717 3691 1755 3726 s.
1788 3694 1837 3726 u.
1869 3682 1972 3736 md)
2006 3678 2057 3726 P
2085 3678 2333 3726 uincamur
2366 3682 2545 3737 (-antur
2574 3677 2676 3740 m3)
2713 3677 2758 3726 G
2920 3678 2984 3727 16
3039 3680 3155 3728 ιιίιιο

1135 3757 1381 3806 ebrietatis
1408 3761 1517 3814 (om.
1540 3756 1679 3818 facit)
1699 3756 1813 3804 DP¹
1910 3760 1960 3805 et
1991 3772 2080 3805 om.
2111 3756 2157 3805 G
2242 3758 2295 3805 17
2329 3757 2479 3805 sicera
2501 3757 2611 3805 DP¹
2696 3756 2754 3805 18
2785 3757 2956 3817 potum
2995 3758 3156 3806 ebrie·

1133 3837 1251 3884 tatis
1281 3836 1396 3885 DP‘
1524 3836 1582 3883 19
1616 3836 1754 3896 quos]
1791 3836 1960 3896 quibus
1992 3835 2102 3883 DF
2228 3836 2290 3885 20
2322 3835 2525 3884 orationi
2563 3835 2609 3884 G
2639 3837 2742 3899 (-ne
2774 3837 2879 3893 m3)
2914 3835 2977 3883 H
3108 3842 3159 3886 et

1133 3914 1346 3961 iustitiae
1379 3912 1558 3960 soli*H
1743 3914 1824 3973 qui
1857 3928 1943 3960 uos
1980 3913 2024 3962 G
2060 3916 2166 3972 (nos
2198 3916 2297 3975 m3)
2330 3913 2382 3961 H
2417 3914 2522 3975 quis
2555 3927 2641 3961 nos
2674 3912 2790 3961 DP‘
2977 3916 3156 3965 uisita-

1133 3992 1208 4040 bit
1244 3990 1357 4038 DP⁴
