4242 4694
1141 532 1253 588 390
1950 527 2337 590 [Ambrosii]

1140 700 1374 773 deniqne
1425 699 1593 758 etiam
1642 699 1775 757 alibi
1822 698 2028 757 nudam
2075 716 2201 758 esse
2247 698 2478 757 uirtutis
2525 697 2799 757 indicium
2847 700 2954 767 est,
3012 697 3123 773 quia

1141 794 1413 869 scriptum
1471 795 1591 852 est:
1649 793 1796 852 exui
1851 792 2144 852 tunicam
2199 810 2430 864 meam,
2490 792 2816 869 quomodo
2873 792 3121 853 induam
3199 818 3202 869 ;

1045 886 1122 944 46
1143 891 1325 947 eam?
1364 887 1503 945 laui
1540 888 1741 962 pedes
1782 904 1988 957 meos,
2032 888 2353 962 quomodo
2386 888 2747 961 inquinabo
2781 891 2944 947 eos?
2976 906 3123 963 qnam

1139 984 1314 1059 igitur
1352 982 1599 1042 tunicam
1640 982 1853 1042 exuerit
1891 985 1951 1041 et
1988 1000 2097 1042 non
2136 982 2414 1042 inuenerit
2444 982 2915 1057 quemadmodum
2947 982 3127 1042 induat

1141 1095 1262 1135 eam
1304 1077 1372 1136 de
1412 1077 1721 1152 scripturis,
1763 1077 1812 1136 si
1852 1094 2172 1152 possumne,
2206 1078 2536 1138 reuelemus.
2571 1080 2660 1136 est
2689 1077 2842 1136 enim
2873 1076 3126 1152 quaedam
3157 1090 3174 1128 ⁵

1137 1172 1329 1230 tunica
1367 1173 1685 1246 corporalis,
1727 1174 1858 1234 sunt
1896 1171 2269 1249 cupiditatum
2304 1171 2573 1245 quaedam
2604 1172 2817 1230 intexta
2847 1171 3125 1241 uelamina,

1140 1271 1198 1324 et
1236 1266 1359 1325 ideo
1399 1266 1676 1326 interdum
1716 1267 1918 1325 melius
1959 1269 2047 1324 est
2082 1265 2295 1325 nudum
2334 1282 2459 1324 esse
2499 1281 2727 1340 corpore
2767 1283 2941 1339 quam
2980 1265 3127 1325 corde

1139 1361 1405 1420 uelatum.
1460 1361 1604 1419 unde
1662 1361 1831 1420 etiam
1885 1360 2096 1419 Paulus
2151 1377 2252 1419 nos
2309 1361 2568 1418 admonet
2630 1359 2900 1434 expoliari
2962 1361 3126 1418 multo

1142 1472 1267 1513 esse
1315 1455 1516 1514 melius
1569 1472 1742 1529 quam
1785 1455 2151 1530 superaestiri
2218 1455 2409 1513 dicens
2458 1455 2628 1513 etiam
2676 1454 2849 1513 alibi:
2900 1455 3124 1529 expoli-

1141 1553 1331 1609 antes
1371 1568 1489 1609 uos
1530 1553 1819 1609 ueterem
1861 1550 2080 1610 homin
2098 1568 2190 1609 em
2225 1567 2368 1609 cnm
2401 1550 2665 1609 actibus
2698 1551 2847 1609 suis
2880 1550 3202 1627 induite-5

1141 1661 1410 1716 nouum,
1462 1646 1572 1720 qni
1619 1648 1976 1704 renouatur
2022 1645 2086 1704 in
2129 1644 2540 1721 agnitionem
2584 1644 2957 1703 secundum
2994 1645 3124 1703 ima·
3198 1669 3202 1702 ε

1144 1741 1356 1816 ginem
1413 1741 1556 1799 eius
1615 1741 1724 1814 qni
1780 1740 2038 1798 creauit
2093 1758 2253 1799 eum.
2298 1756 2428 1815 ergo
2472 1755 2614 1814 quae
2654 1738 2903 1813 spoliata
2954 1742 3043 1799 est
3077 1740 3126 1798 et
3189 1729 3203 1785 ἶ

1140 1834 1307 1908 pedes
1347 1834 1494 1893 lotos
1534 1834 1705 1892 habet
1743 1837 1801 1893 et
1837 1834 1962 1892 ideo
1996 1850 2136 1908 quae
2167 1834 2311 1892 lauit
2341 1833 2521 1891 nescit
2550 1832 2833 1906 quomodo
2868 1831 3125 1909 inquinari

1140 1928 1345 2003 possit3
1405 1928 1760 1987 obliuiscitnr
1820 1929 1964 1987 enim
2027 1945 2127 2003 per
2187 1929 2424 2003 gratiam
2491 1926 2636 2002 qnod
2706 1927 2986 1986 hauserat
3048 1942 3122 2005 pc

1141 2025 1410 2079 naturam.
1468 2039 1703 2097 magnus
1759 2023 1850 2080 hic
1904 2023 2082 2098 igitur
2137 2023 2195 2080 et
2246 2022 2433 2080 iustus
2489 2038 2643 2078 amor
2697 2022 2960 2079 mulieris
3029 2021 3149 2081 d·

1141 2116 1327 2175 Dauid
1365 2117 1577 2192 regiam
1619 2133 1679 2175 se
1718 2117 1981 2176 lauantis.

1043 2205 1122 2263 47
1222 2209 1331 2269 Sed
1395 2229 1501 2270 non
1567 2211 1750 2269 solum
1812 2211 1973 2280 lauit,
2030 2212 2128 2269 sed
2185 2211 2355 2269 etiam
2409 2210 2652 2280 uocauit,
2707 2211 2775 2267 nt
2832 2210 2893 2269 in
2953 2207 3126 2270 eode-

1143 2305 1449 2379 accipimus
1483 2306 1626 2363 libro
1661 2305 1876 2364 dicente
1920 2308 2113 2364 sancta
2152 2305 2419 2364 ecclesia:
2459 2304 2640 2373 ueni,
2680 2304 2900 2362 frater
2935 2317 3123 2371 meus,

1140 2416 1445 2459 exeamus
1487 2400 1549 2457 in
1592 2416 1776 2475 agro,
1816 2399 2311 2474 requiescamus
2351 2400 2416 2457 in
2456 2397 2792 2468 castellis,
2840 2392 3116 2456 diluculo

1144 2511 1492 2570 surgamus
1553 2493 1616 2551 in
1672 2493 1931 2564 uineas,
1989 2492 2330 2552 uideamus
2388 2492 2443 2551 si
2500 2492 2887 2550 floruerunt
2948 2489 3179 2549 niteam

1145 2604 1250 2646 non
1309 2588 1492 2646 solum
1546 2588 1720 2663 igitur
1774 2589 1947 2657 lauat,
2005 2587 2104 2645 sed
2161 2586 2330 2645 etiam
2388 2586 2668 2645 Christum
2726 2586 2924 2643 uenire
2971 2582 3033 2643 ad
3069 2595 3120 2639 se
3200 2588 3202 2635 ἰ

1144 2685 1413 2757 prouocat
1462 2685 1521 2739 et
1564 2677 1772 2739 inuitat
1821 2682 2042 2741 dicens:
2083 2682 2213 2740 tibi
2254 2682 2416 2739 dabo
2457 2680 2660 2739 ubera
2697 2696 2862 2738 mea.
2904 2695 3005 2737 nec
3040 2691 3128 2735 sus

1301 2882 1336 2930 1.
1368 2882 1516 2930 uerba
1547 2881 1873 2945 ⁸<aliquando>
1894 2882 2070 2930 nudam
2103 2881 2220 2930 esse*
2254 2896 2404 2944 usqne
2437 2879 2499 2929 ad
2528 2879 2677 2927 uerba
2717 2881 2781 2940 (u.
2820 2880 2903 2938 14)
2935 2883 3038 2943 ‘per
3064 2892 3136 2927 na·

1142 2962 1314 3009 turam*
1346 2961 1572 3025 leguntur
1613 2961 1661 3009 in
1707 2960 2059 3010 Commentario
2103 2960 2150 3008 in
2186 2959 2387 3009 Cantica
2429 2959 2718 3007 canticorum
2762 2972 2817 3005 ex
2865 2957 3006 3006 libris
3037 2957 3139 3005 Am·

1142 3039 1289 3087 brosii
1322 3038 1521 3087 collecto
1556 3041 1601 3093 5,
1634 3039 1694 3088 30
1726 3039 1770 3101 (Ι
1805 3040 1926 3088 1594
1957 3038 2185 3086 F-1595
2216 3037 2258 3085 A
2290 3038 2376 3096 B.)
2471 3037 2500 3084 2
2534 3034 2672 3086 Cant.
2706 3035 2752 3092 5,
2783 3035 2814 3083 3
2898 3035 2929 3083 9
2962 3033 3139 3085 Coloss.

1143 3120 1193 3177 3,
1223 3120 1252 3167 9
1284 3134 1353 3181 sq.
1438 3117 1495 3166 18
1523 3116 1657 3167 Cant.
1686 3119 1730 3176 7,
1758 3119 1808 3167 11
1842 3132 1909 3180 sq.
2000 3118 2060 3166 22
2086 3116 2221 3166 Cant.
2257 3119 2300 3175 7,
2338 3118 2396 3166 12

1206 3276 1235 3323 3
1269 3287 1349 3322 eos
1388 3271 1593 3321 TNB'C'
1619 3272 1729 3320 illos
1755 3278 1844 3321 oet.
1941 3275 1970 3322 5
2003 3274 2266 3321 renelamus
2305 3273 2400 3322 TN
2497 3275 2529 3322 8
2560 3287 2646 3321 nos
2679 3271 2909 3320 admonet
2948 3269 3042 3318 To
3068 3269 3144 3319 ad-

1142 3356 1307 3401 monet
1346 3367 1432 3400 nos
1471 3351 1577 3400 ND
1619 3355 1855 3400 ammonet
1883 3355 1944 3400 -et
1981 3366 2069 3399 nos
2114 3351 2398 3400 BT‘B‘PM
2433 3355 2483 3400 et
2521 3367 2608 3400 nos
2649 3354 2761 3410 (om.
2805 3348 3058 3411 admonet)
3090 3333 3145 3399 1²¹

1144 3432 1173 3479 9
1205 3430 1373 3479 melius
1407 3445 1508 3479 esse
1539 3430 1629 3493 χΟ,
1664 3445 1766 3479 esse
1802 3445 1891 3478 om.
1924 3430 2037 3478 PM
2128 3430 2271 3478 etiam
2304 3445 2392 3479 om.
2417 3429 2516 3479 Nc
2595 3430 2649 3479 11
2688 3427 2987 3491 agnitionem
3019 3427 3148 3478 TBG

1147 3509 1390 3571 agnitione
1423 3514 1507 3558 cet.
1697 3510 1797 3556 eius
1831 3509 2087 3570 imaginem
2116 3508 2174 3556 N
2321 3510 2378 3556 12
2423 3509 2627 3571 spoliata
2665 3507 2764 3555 TN
2791 3508 3037 3570 expoliata
3067 3511 3144 3557 ed.

1149 3588 1205 3635 13
1240 3591 1288 3634 et
1319 3586 1427 3635 ideo
1461 3601 1581 3649 quse
1605 3587 1728 3635 lauit
1751 3601 1841 3635 om.
1872 3586 1913 3635 G
2004 3587 2236 3650 quomodo
2267 3587 2359 3635 TN
2384 3586 2772 3650 quemadmodum
2799 3590 2888 3634 cet.
2953 3588 3018 3636 14
3040 3598 3144 3650 poe·

1146 3665 1244 3711 sint
1274 3665 1322 3712 B
1353 3668 1548 3727 possent
1576 3665 1630 3713 D
1756 3667 1813 3715 15
1846 3665 1995 3726 igitur
2024 3666 2103 3713 hic
2133 3665 2321 3725 BB‘P‘,
2353 3665 2432 3714 hic
2463 3680 2551 3714 ont.
2583 3665 2637 3713 D
2750 3665 2806 3712 16
2837 3665 3027 3727 regiam
3059 3678 3144 3712 on.

1145 3744 1212 3800 D,
1247 3742 1436 3791 domum
1466 3743 1532 3792 M
1655 3745 1712 3792 18
1750 3745 2003 3806 accipimus
2044 3743 2189 3793 ΤΗΝ
2221 3745 2485 3806 accepimus
2518 3749 2601 3792 cet.
2730 3744 2789 3791 19
2823 3757 2993 3805 agrum
3026 3742 3142 3797 Pal.

1146 3827 1268 3869 recte
1292 3827 1415 3884 puto
1540 3823 1832 3885 quiescamus
1864 3838 1897 3884 χ
2006 3823 2067 3870 20
2106 3821 2364 3870 floruerunt
2403 3823 2528 3870 nites
2568 3821 2698 3883 (uitis
2739 3820 2812 3880 N)
2852 3821 2959 3870 TN
2989 3820 3147 3871 floruit

1149 3899 1263 3949 uitis
1305 3905 1386 3948 cet.
1481 3900 1539 3948 21
1568 3901 1728 3949 uenire
1750 3901 1811 3949 ad
1835 3916 1884 3949 se
1915 3901 1958 3949 T
1980 3901 2040 3949 ad
2065 3915 2114 3949 se
2140 3902 2300 3949 uenire
2327 3906 2410 3951 cet.
2505 3902 2567 3949 22
2593 3903 2638 3948 et
2665 3916 2755 3951 om.
2787 3898 2887 3948 TN
3005 3914 3145 3963 opera

1153 3980 1206 4036 (a.
1239 3978 1263 4024 1
1292 3978 1456 4040 ubera)
1488 3978 1543 4027 N
