4242 4694
1128 534 1239 590 246
1968 526 2308 576 Ambrosii

1126 720 1371 776 aquam
1409 703 1476 758 in
1519 701 1830 758 nubibus
1874 700 2044 766 suis,
2086 703 2155 758 et
2185 715 2315 757 non
2349 700 2461 757 est
2489 701 2712 773 rupta
2744 698 2975 757 nubes
3005 697 3108 755 sub

1125 797 1428 871 pedibus
1509 796 1682 853 eiua.
1766 795 2135 853 columnae
2215 793 2400 852 caeli
2479 792 2982 851 dissiluerunt
3054 795 3106 849 et

1124 891 1519 950 timuerunt
1577 891 1655 947 ab
1713 889 2210 964 increpatione
2281 889 2455 947 eius.
2536 888 2827 946 uirtute
2894 903 3103 961 conpe-

1126 986 1319 1044 scuit
1357 1003 1560 1052 mare‚
1595 984 1994 1056 disciplina
2034 987 2265 1041 autem
2306 982 2577 1041 strauit
2616 985 2863 1040 cetum
2901 982 3096 1041 maris.

1126 1081 1448 1138 claustra
1495 1078 1678 1135 caeli
1719 1077 2192 1136 reformidant
2232 1092 2416 1134 eum:
2457 1079 2853 1151 praecepto
2895 1075 3143 1133 morti-⁸

1125 1172 1390 1231 ficauit
1428 1172 1798 1229 draconem
1838 1172 2512 1246 praeuaricatorem.
2556 1171 2918 1229 uirtutem
2954 1170 3094 1228 toni·

1125 1267 1269 1325 trui
1318 1268 1473 1325 eius
1524 1266 1684 1338 quis
1723 1266 2146 1340 intellegit?
2187 1266 2244 1322 in
2285 1266 2458 1323 tantis
2499 1281 2631 1339 ergo
2673 1265 2911 1339 flagitiis
2951 1280 3092 1338 quae

1127 1377 1287 1436 spes
1343 1361 1561 1434 impio
1619 1362 1770 1418 est?
1827 1361 2169 1434 numquid
2225 1361 2286 1417 si
2343 1359 2668 1417 confidat
2723 1359 2792 1417 in
2846 1359 3090 1418 domino

1128 1456 1581 1514 saluabitur?
1641 1455 1861 1511 dicam
1922 1455 2105 1528 inquit
2160 1455 2367 1512 uobis
2425 1453 2597 1527 quid
2654 1454 2873 1513 sitin
2920 1469 3088 1512 mann

1129 1547 1393 1606 domini
1432 1551 1490 1605 et
1529 1547 1764 1604 desinite
1804 1547 2045 1605 inania
2086 1547 2419 1605 inanibus
2460 1546 2739 1604 addere.
3104 1562 3131 1599 a

1049 1641 1123 1696 22
1201 1643 1276 1699 Et
1328 1640 1593 1700 describit
1646 1657 1810 1714 qnam
1868 1641 2200 1699 miserabilis
2255 1642 2552 1715 impiorum
2600 1641 2784 1715 portio
2835 1641 2928 1708 sit,
2972 1637 3088 1714 quod
3144 1632 3147 1666 ²

1128 1736 1234 1792 etsi
1280 1736 1467 1809 plures
1515 1735 1756 1792 habeant
1802 1735 1965 1808 filios,
2017 1737 2136 1793 sine
2182 1736 2508 1808 posteritate
2549 1736 2679 1806 sint,
2722 1736 2928 1810 quibus
2963 1734 3090 1792 deest

1127 1830 1394 1887 bonorum
1435 1831 1757 1888 meritorum
1799 1831 2115 1899 successim
2155 1831 2256 1888 illa
2285 1831 2433 1887 enim
2465 1847 2600 1887 uera
2627 1831 2948 1904 posteritas,
2977 1843 3087 1902 quae

1126 1940 1231 1980 non
1272 1922 1326 1979 in
1367 1924 1547 1991 tertia,
1588 1922 1686 1980 sed
1725 1923 1780 1980 in
1823 1925 1974 1982 caelo
2010 1927 2114 1983 est.
2146 1923 2472 1981 huiusmodi
2504 1940 2637 1998 ergo
2670 1923 2812 1981 uiris
2847 1922 3087 1981 hereditas

1126 2016 1311 2089 inopia
1365 2020 1453 2074 est
1507 2024 1564 2074 et
1616 2033 1766 2076 mors
1824 2018 2128 2076 successio.
2185 2034 2313 2075 cum
2370 2017 2599 2075 diuitias
2650 2017 3133 2082 coacemauerints

1127 2109 1532 2180 mendicabunt,
1566 2111 1696 2185 quia
1726 2127 1853 2168 cum
1888 2111 2096 2169 mortui
2127 2110 2351 2182 fuerint,
2384 2111 2717 2186 indigebunt
2748 2112 2847 2185 qui
2876 2110 3086 2185 requiem

1128 2205 1372 2262 inuenire
1427 2221 1534 2262 non
1580 2208 1843 2277 possunt.
1903 2205 2102 2263 uiduas
2152 2222 2341 2264 eorum
2390 2224 2551 2264 nemo
2600 2205 2971 2276 miserabitur,
3011 2193 3086 2261 sed

1128 2299 1428 2356 manebunt
1481 2299 1730 2357 desertae
1786 2301 1951 2373 atque
2008 2300 2188 2357 omnis
2243 2301 2475 2373 copulae
2532 2300 2741 2359 solacio
2799 2300 3083 2360 destitutae.

1128 2393 1234 2449 etsi
1290 2396 1652 2468 congregetur
1703 2395 1938 2468 pecunia
1992 2395 2142 2452 sicut
2193 2397 2341 2460 terra
2394 2398 2561 2468 atque
2619 2397 2683 2452 ut
2732 2395 2913 2454 lutum
2964 2409 3083 2469 prae-

1127 2490 1378 2560 paratum
1434 2488 1603 2545 fuerit
1656 2506 1867 2556 aurum,
1926 2489 2103 2546 inanis
2153 2488 2259 2545 erit
2307 2489 2457 2546 sicut
2505 2504 2704 2545 aranea
2752 2505 2940 2546 eorum
2983 2485 3080 2544 sul>
3099 2490 3148 2544 nl

1129 2581 1333 2638 stantia
1380 2585 1436 2639 et
1483 2600 1644 2640 omne
1685 2582 1923 2639 nominis
1964 2598 2154 2639 eorum
2193 2582 2588 2654 patrimonium
2629 2585 2918 2655 tamquam
2951 2579 3079 2638 tineis

1128 2681 1499 2733 consumetur.
1557 2676 1913 2733 dormiens
1970 2675 2177 2733 diues
2244 2674 2428 2732 nihil
2491 2675 2784 2746 adiciet,
2835 2671 3080 2750 aperuit

1129 2770 1374 2827 oculos
1416 2786 1580 2827 suos
1622 2775 1692 2827 et
1729 2770 1862 2826 iam
1906 2786 2034 2827 non
2077 2773 2205 2829 est.
2240 2770 2306 2839 in,
2329 2770 2614 2827 doloribus
2647 2772 2945 2844 permanet.
2974 2762 3079 2825 nihil

1128 2879 1257 2937 ergo
1298 2866 1429 2921 sunt
1468 2864 1652 2922 omnia
1691 2881 1830 2938 quae
1871 2864 1925 2921 in
1969 2865 2072 2921 hoc
2111 2864 2316 2921 mundo
2359 2866 2505 2922 sunt.
2541 2881 2740 2922 aurum
2771 2865 2828 2922 in
2861 2859 3076 2922 metallis.

1283 3122 1309 3169 7
1343 3120 1429 3170 Iob
1460 3121 1537 3177 27,
1570 3121 1612 3169 8.
1651 3122 1721 3170 11.
1756 3123 1815 3170 12
1915 3124 1968 3171 11
2003 3122 2090 3171 Iob
2122 3123 2198 3180 27,
2227 3125 2285 3172 14
2309 3138 2380 3186 sq.
2481 3125 2540 3173 16
2571 3123 2658 3172 Iob
2682 3125 2762 3180 27.
2791 3125 2850 3173 14
2939 3121 2986 3171 17
3008 3113 3071 3166 Iob

1127 3201 1201 3256 27,
1238 3200 1420 3249 15-18
1515 3202 1576 3249 22
1609 3200 1694 3248 Iob
1727 3201 1803 3256 27,
1840 3201 1898 3248 19
1990 3202 2052 3248 24
2085 3200 2171 3249 Iob
2205 3202 2284 3258 28,
2320 3202 2344 3250 1
2379 3217 2450 3264 sq.

1194 3357 1215 3404 1
1249 3358 1387 3417 rapta
1405 3354 1550 3404 PBG
1635 3357 1667 3404 4
1699 3357 1872 3404 strauit
1891 3356 2235 3419 Dionysiam
2255 3357 2606 3407 Kaminoi-un
2637 3363 2685 3408 et
2713 3359 2787 3407 ed.
2812 3358 2946 3408 Βοιι.
2965 3348 3067 3401 Ιῐῐῑῆ

1128 3438 1212 3481 cet.
1274 3443 1279 3448 ·
1366 3436 1396 3482 5
1429 3433 1634 3482 claustra
1660 3434 1711 3481 P
1742 3437 1793 3493 (u
1822 3451 1861 3482 s.
1894 3439 1964 3494 u.)
2131 3434 2433 3484 reformitaut
2460 3437 2511 3484 P
2664 3438 2694 3486 6
2728 3436 3016 3486 &aeonem-
3034 3423 3067 3472 Ρ

1128 3511 1158 3559 8
1191 3515 1266 3559 est
1295 3511 1440 3574 impio
1472 3526 1581 3573 spes
1611 3510 1660 3559 Β
1753 3512 1899 3575 impio
1931 3513 2034 3560 eins
2061 3518 2170 3571 (on.
2197 3514 2290 3575 est)
2312 3514 2424 3562 DP'
2518 3513 2715 3565 confidit
2737 3514 2852 3564 DP'
2933 3511 2982 3560 10
3001 3501 3064 3553 dis·

1126 3582 1325 3638 finiteB
1412 3589 1630 3638 inanibus
1662 3591 1823 3638 inania
1841 3591 1950 3639 ων
2043 3592 2330 3641 inanibunP
2358 3595 2394 3655 (i
2427 3595 2516 3644 au.
2544 3606 2586 3644 ι.
2618 3594 2691 3657 a.)
2755 3595 2814 3643 12
2837 3577 3065 3641 mtDPO

1133 3669 1189 3715 14
1220 3667 1311 3716 uiri
1340 3666 1389 3715 Β
1517 3670 1572 3718 15
1605 3668 1726 3731 cum]
1762 3670 1894 3717 cuius
1925 3669 1974 3718 B
2131 3670 2517 3720 coacerbaberint
2545 3671 2597 3720 P
2731 3672 2789 3721 17
2818 3662 3063 3722 minorabitur

1127 3745 1290 3794 mec
1368 3746 1426 3795 18
1452 3746 1697 3797 deserte..
1720 3747 1979 3796 ,αοειῑωιο
2002 3749 2045 3798 ο
2065 3749 2242 3798 deserti
2261 3787 2272 3797 .
2292 3788 2304 3797 .
2325 3749 2577 3798 ,destituti
2599 3755 2686 3799 ωε.
2774 3750 2838 3799 ao
2856 3733 3064 3800 innah?

1191 3839 1333 3871 arena
1362 3823 1474 3872 DP‘
1598 3825 1867 3874 substantia
1899 3841 2061 3875 eorum
2091 3828 2141 3874 Β
2237 3828 2294 3876 21
2330 3828 2667 3889 patrimonium
2701 3843 2861 3877 eorum
2889 3830 2981 3889 (0⁸-
3002 3827 3060 3865 ¹⁰·

1129 3901 1286 3959 minis)
1319 3901 1433 3950 DP‘
1566 3918 1595 3952 a
1625 3904 1768 3952 tineis
1800 3903 1849 3952 Β
1939 3907 2001 3954 22
2035 3912 2385 3955 consummetur
2414 3907 2466 3956 D
2498 3908 2647 3964 (mabi
2674 3920 2714 3957 e.
2746 3915 2840 3970 me)
2873 3905 3058 3955 conum·

1128 3979 1258 4028 bitur
1287 3980 1347 4027 P'
1474 3982 1533 4029 24
1570 3981 1701 4044 ergo]
1727 3983 1859 4031 ,enim
1891 3983 2003 4031 DP'
