4242 4694
1060 1569 1106 1604 10

1060 2043 1106 2077 15

1361 531 1434 578 De
1460 530 1695 592 interpell.
1715 530 1800 578 Iob
1827 533 1878 578 et
1893 529 2049 578 Dauid
2067 529 2114 578 11
2134 530 2245 592 (ΙΙΙ)
2263 531 2307 586 2,
2325 530 2369 578 3.
2387 532 2417 578 4
2461 529 2502 588 (Ι
2519 529 2612 578 653
2629 529 2824 578 Ε-654
2843 529 2917 589 Ε).
3030 533 3145 588 235

1143 703 1324 767 tiauit,
1376 720 1500 760 eum
1553 702 1991 760 condemnabant
2038 701 2364 768 iniustitiae,
2413 701 2768 758 arcessebant
2814 699 3145 774 iniquitatis.
3188 704 3228 754 C

1142 797 1467 870 ignorabant
1524 813 1653 870 ergo
1709 796 1840 867 quid
1891 796 2090 868 cuique
2142 796 2478 855 conueniret.
2528 799 2587 852 at
2632 795 2721 850 uir
2769 798 2997 853 sanctus
3045 795 3144 854 lob

1145 891 1493 949 discernebat
1554 891 1753 964 spiritu
1822 889 2096 962 quomodo
2163 890 2362 962 cuique
2428 906 2556 945 eum
2623 892 2904 961 oporteret
2955 889 3143 962 loqui;

1143 985 1337 1042 fortior
1386 1001 1517 1057 ergo
1569 1000 1734 1056 quam
1783 984 1866 1040 illi
1915 984 2009 1056 qui
2061 984 2180 1039 sani
2230 985 2287 1039 et
2331 983 2643 1040 incolumes
2693 982 3032 1040 uiderentur.
3090 989 3148 1040 et

1144 1079 1276 1151 quid
1333 1079 1456 1135 dico
1514 1079 1798 1136 fortiorem
1856 1077 2146 1134 inuentum
2213 1077 2457 1134 ceteris?
2522 1076 2716 1135 fortior
2782 1073 2922 1152 [erat
2985 1093 3155 1151 aeger

1142 1191 1308 1245 quam
1364 1190 1491 1229 cum
1550 1189 1717 1229 sanus
1769 1168 1937 1247 esset]
1989 1187 2047 1227 se
2098 1172 2220 1243 ipso
2271 1171 2538 1227 inuentus
2588 1174 2707 1237 est;
2755 1169 2950 1230 fortior
2999 1170 3143 1228 enim

1141 1271 1259 1324 erat
1304 1283 1471 1340 aeger
1517 1265 1614 1322 Iob
1671 1282 1838 1338 quam
1880 1281 2047 1321 sanus
2090 1265 2289 1331 fuerat,
2332 1264 2640 1321 secundum
2684 1264 2829 1338 quod
2871 1264 3144 1338 scriptum

1140 1364 1230 1417 est
1271 1360 1401 1432 quia
1441 1359 1659 1416 uirtus
1700 1359 1763 1415 in
1806 1359 2327 1415 infirmitatibus
2370 1362 2878 1415 consummatur.
2923 1375 3052 1432 ergo
3087 1360 3146 1416 et

1138 1455 1239 1512 Iob
1281 1472 1408 1511 cum
1450 1454 1835 1519 infirmaretur,
1880 1455 2012 1510 tunc
2052 1452 2294 1510 ualidior
2333 1455 2464 1511 erat.
2499 1470 2606 1510 non
2642 1453 2788 1510 enim
2822 1453 3147 1527 aegrotabat

1141 1549 1340 1616 animm
1384 1550 1490 1606 etsi
1524 1548 1736 1605 doleret
1767 1564 2010 1621 corpore,
2046 1548 2176 1621 quia
2207 1565 2313 1606 non
2349 1550 2468 1605 erat
2498 1547 2555 1604 in
2589 1564 2751 1607 carne
2785 1548 2968 1605 anima
3002 1548 3143 1615 eius,
3177 1558 3219 1607 D

1139 1644 1300 1701 cuius
1334 1643 1686 1716 passionibus
1720 1660 1824 1700 non
1862 1641 2212 1709 adhaerebat,
2247 1640 2344 1698 sed
2377 1642 2432 1698 in
2469 1642 2688 1716 spiritu,
2731 1642 2892 1700 cuius
2934 1642 3144 1699 uirtute

1140 1755 1200 1794 se
1234 1741 1459 1795 texerat.
1497 1736 1621 1794 ideo
1650 1752 1780 1810 ergo
1807 1753 1912 1794 non
1941 1735 2119 1792 carnis
2148 1736 2390 1810 gemitus
2417 1740 2475 1792 et
2499 1735 2744 1809 corporis
2771 1736 3143 1805 infirmitatae,

1138 1831 1238 1888 sed
1296 1847 1463 1887 uoces
1522 1831 1753 1902 spiritus
1810 1829 2160 1902 loquebatur,
2219 1829 2422 1903 quibus
2481 1832 2721 1903 urgeret,
2779 1846 2885 1887 non
2937 1830 3142 1903 quibus

1138 1925 1376 1982 cederet.
1427 1933 1484 1982 et
1531 1925 1709 1998 primo
1760 1925 1981 1998 quidem
2033 1925 2235 1993 lenius,
2277 1927 2344 1982 ut
2383 1925 2500 1982 illis
2541 1924 2810 1998 pudorem
2850 1925 3143 1989 incuteret,

1138 2020 1270 2092 quia
1311 2021 1624 2093 urguebant
1661 2019 1875 2076 iustum
1917 2020 2119 2076 iniuste
2161 2018 2409 2076 dicentes
2453 2019 2600 2091 quod
2640 2018 2854 2076 minora
2900 2016 3144 2091 peccatis

1139 2113 1260 2169 suis
1302 2112 1576 2186 supplicia
1618 2112 1936 2178 sustineret,
1980 2113 2037 2169 et
2077 2129 2181 2168 non
2224 2112 2625 2170 erubescebant
2669 2111 2779 2185 ipsi
2827 2113 3142 2185 peccatores

1137 2225 1399 2265 accusare
1431 2207 1588 2265 falsis
1626 2207 1991 2265 innocentem.
2024 2210 2183 2264 ‘esto'
2217 2206 2399 2281 inquit
2430 2212 2551 2281 ‘ego
2588 2206 2885 2266 errauerim
2918 2208 2974 2262 et
3007 2207 3144 2277 aput
3180 2209 3222 2256 Ε

1138 2320 1228 2359 me
1291 2302 1489 2358 deuius
1560 2303 1657 2359 ille
1721 2301 2011 2371 inhabitet,
2063 2301 2159 2373 qui
2222 2301 2504 2359 mentibus
2562 2300 2849 2359 hominum
2908 2299 3146 2357 offundit

1139 2413 1369 2465 onoma,
1429 2401 1493 2453 ut
1549 2397 1742 2469 loquar
1791 2412 2081 2453 sermones
2148 2413 2287 2468 quos
2353 2413 2460 2453 non
2526 2398 2761 2469 oportet,
2828 2393 2978 2453 sicut
3038 2410 3142 2451 uos

1137 2491 1342 2557 dicitis,
1376 2496 1433 2548 et
1463 2493 1644 2548 errent
1675 2490 1844 2546 uerba
1867 2507 1992 2547 mea
2017 2507 2116 2548 nec
2144 2494 2412 2563 oportune
2438 2508 2598 2547 meus
2627 2507 2805 2548 sermo
2830 2491 3141 2563 promatur:

1138 2601 1237 2642 cur
1277 2601 1380 2642 uos
1419 2584 1475 2640 in
1516 2600 1603 2640 me
1644 2583 1872 2642 insilitis
1914 2587 1973 2640 et
2004 2584 2396 2642 conuiciamini
2429 2601 2537 2641 non
2572 2582 2981 2641 considerantes
3015 2583 3145 2655 quia

1139 2695 1170 2734 a
1219 2677 1440 2735 domino
1488 2677 1627 2734 mihi
1674 2676 1832 2735 uenit
1878 2675 1989 2733 ista
2036 2677 2350 2751 temptatio,
2400 2677 2496 2751 qui
2545 2695 2633 2734 me
2693 2676 2844 2734 uallo
2903 2676 3140 2749 quodam

1137 2771 1617 2843 perturbationum
1664 2771 1967 2828 arbitratus
2016 2775 2103 2829 est
2152 2771 2534 2844 saepiendum.
2582 2787 2835 2828 exerceor
2873 2770 3144 2838 aduersi8‚

1296 2939 1327 2986 8
1358 2938 1408 2987 Π
1442 2938 1546 2987 Cor.
1585 2940 1659 2999 12,
1691 2940 1720 2987 9
1855 2941 1885 2987 9
1918 2938 1967 2987 11
2001 2938 2105 2988 Cor.
2144 2941 2216 2996 12,
2257 2940 2314 2988 10
2445 2940 2501 2988 17
2535 2939 2622 2988 lob
2660 2940 2731 2996 19,
2762 2938 2887 2987 4—8

1207 3051 1225 3097 1
1266 3065 1372 3097 eum
1404 3064 1494 3098 om.
1520 3049 1568 3095 Β
1695 3050 1996 3097 arcer-nebant
2017 3050 2066 3097 P
2094 3050 2398 3098 accersebant
2427 3050 2468 3098 C
2497 3050 2793 3098 accersibant
2815 3049 2928 3098 DP‘
3053 3050 3144 3097 ini-

1142 3129 1353 3189 quitates
1384 3129 1497 3177 DP‘
1592 3130 1622 3176 2
1655 3128 1912 3189 unicuique
1943 3128 2055 3175 DP¹
2184 3129 2258 3176 uir
2280 3129 2394 3176 DP‘
2426 3143 2511 3177 uer
2534 3129 2582 3176 P
2612 3143 2723 3176 uero
2748 3129 2853 3183 Bo,
2875 3130 2997 3188 sort.
3025 3134 3149 3177 recte

1141 3209 1170 3255 3
1205 3207 1329 3253 enim
1355 3209 1512 3267 (eras.)
1541 3207 1708 3267 cuique
1733 3205 1842 3267 (om.
1870 3210 1997 3265 eum)
2022 3207 2071 3254 Β
2195 3207 2449 3267 unicuique
2475 3210 2582 3266 (om.
2611 3211 2735 3265 eum)
2761 3207 2874 3255 DP‘
2969 3208 2999 3253 4
3033 3221 3147 3267 ergo

1142 3301 1230 3332 om.
1263 3287 1305 3331 B
1432 3285 1653 3332 fortiores
1679 3299 1792 3346 ergo
1815 3299 2073 3347 numquam
2095 3284 2180 3334 iuo
2207 3273 2629 3349 (''illo''numquam
2654 3286 2724 3345 D)
2751 3287 2863 3333 DP‘
2955 3288 2985 3333 4
3014 3284 3145 3332 uide—

1141 3368 1305 3411 rentur
1338 3363 1383 3409 P
1408 3368 1481 3410 ml
1505 3364 1554 3410 Β
1589 3361 1871 3411 uidebantur
1902 3364 1950 3410 P
1969 3367 2053 3410 m2
2084 3369 2167 3412 cet.
2325 3367 2354 3412 5
2389 3363 2542 3412 dicam
2574 3365 2685 3412 DP‘
2873 3363 3069 3412 fortiore
3100 3363 3149 3410 P

1205 3441 1374 3488 fortior
1407 3447 1510 3489 erat
1541 3456 1684 3502 aeger
1716 3454 1857 3502 quam
1892 3457 1996 3490 cum
2029 3457 2169 3490 sanus
2203 3446 2332 3490 esset
2362 3457 2414 3490 ae
2445 3443 2550 3505 ipso
2583 3444 2805 3490 inuentus
2845 3445 2931 3490 est.
2980 3431 3148 3489 sortior

1145 3521 1268 3569 enim
1311 3524 1414 3567 erat
1453 3535 1596 3581 aeger
1634 3520 1712 3567 iob
1757 3525 1920 3583 (aeger
1962 3521 2041 3569 iob
2084 3524 2186 3570 erat
2217 3521 2283 3578 Β)
2328 3537 2468 3583 quam
2508 3537 2650 3570 annua
2693 3521 2852 3570 fuerat
2889 3520 3147 3569 secundum

1144 3600 1284 3647 PBC
1313 3599 1484 3646 fortior
1517 3601 1619 3647 erat
1651 3613 1794 3661 aeger
1825 3601 1905 3648 iob
1931 3600 2029 3657 (iob
2055 3615 2143 3648 om.
2171 3601 2250 3659 P‘)
2277 3615 2419 3662 quam
2444 3616 2548 3650 cum
2573 3615 2715 3649 sanus
2740 3605 2867 3649 esset
2890 3598 3148 3650 secundum

1146 3678 1273 3734 DP‘,
1305 3678 1391 3737 qui
1419 3692 1510 3724 om.
1544 3677 1716 3725 sortior
1745 3693 1796 3725 se
1828 3679 1931 3739 ipso
1971 3680 2192 3726 inuentus
2236 3684 2331 3735 est;
2377 3682 2481 3727 erat
2520 3694 2664 3741 aeger
2693 3693 2835 3741 quam
2868 3693 2972 3727 cum
3005 3692 3150 3726 sanus

1147 3759 1273 3803 esset
1290 3756 1379 3802 del.
1398 3757 1468 3804 ed.
1488 3755 1624 3804 Rom.
1690 3756 2079 3804 SinfirrnitateB
2166 3761 2215 3804 et
2231 3772 2319 3805 om.
2339 3758 2387 3804 Β
2455 3759 2510 3804 10
2529 3757 2788 3806 dolebatB
2874 3759 2973 3804 eius
2992 3758 3150 3803 anima

1146 3833 1257 3881 DP'
1372 3834 1429 3881 18
1462 3832 1645 3895 deuius]
1681 3834 1795 3881 deus
1830 3834 1941 3881 ΒΡ
2074 3835 2279 3883 offundit
2309 3837 2357 3883 P
2389 3841 2438 3895 (n
2469 3851 2506 3883 s.
2540 3840 2609 3894 u.)
2645 3836 2846 3883 effundit
2876 3835 2971 3883 BC
3000 3835 3148 3882 offen-

1149 3912 1222 3960 dit
1251 3912 1364 3960 DP‘
1489 3913 1552 3960 20
1600 3915 1757 3960 errent
1795 3928 1826 3956 α
1869 3918 2027 3961 errant
2067 3912 2182 3961 libri
2335 3929 2394 3962 ne
2427 3914 2475 3961 B
2631 3929 2781 3961 sermo
2823 3929 2955 3961 meua
2988 3914 3151 3961 ,BDP‘

1148 3992 1205 4039 21
1240 4006 1335 4038 non
1368 4005 1457 4040 om.
1490 3991 1605 4038 DP‘
