4242 4694
1898 488 2278 540 Praefatio.
3011 497 3091 556 XI

1089 659 1318 717 tertium
1372 661 1600 736 insuper
1652 678 1878 719 numero
1921 662 2003 720 ΙΠ
2044 661 2251 723 addito.
2290 664 2347 721 in
2392 665 2587 724 ceteris
2635 667 2813 736 libris,
2854 685 3089 741 quorum

1090 753 1467 829 antiquissimi
1523 758 1657 813 sunt
1708 755 2000 814 Remensis
2056 757 2169 815 355
2234 761 2292 815 et
2342 758 2645 818 Uaticanus
2702 761 3090 836 bybliothecae

1092 845 1390 906 Uaticanus
1438 848 1696 923 antiquae
1745 850 1875 919 266,
1932 851 2061 908 noni
2107 854 2339 924 uterque
2390 853 2619 924 saeculi,
2671 871 2767 912 eos
2807 855 2920 912 iam
2959 856 3089 914 Am-

1089 940 1277 1000 brosio
1321 942 1492 1001 habes
1533 942 1842 1017 adscriptos
1876 947 1934 1002 et
1973 945 2027 1001 in
2070 962 2163 1003 sex
2201 945 2374 1004 libros
2417 945 2646 1005 diuisos.
2672 947 2714 1024 ¹)

2052 1297 2124 1373 li.

1171 1574 1360 1634 Altero
1416 1574 1585 1632 huius
1640 1574 1993 1649 praefationis
2051 1575 2249 1649 capite,
2288 1576 2348 1633 id
2395 1578 2543 1651 quod
2591 1579 2781 1637 ordIne
2822 1596 2855 1636 a
2894 1597 2981 1637 me
3031 1580 3087 1637 in

1095 1670 1151 1728 in
1198 1671 1353 1744 parte
1402 1668 1579 1743 prima
1627 1669 1932 1727 constituto
1980 1671 2314 1743 postulatur,
2364 1670 2430 1728 de
2479 1672 2843 1745 temporibus,
2883 1672 3088 1747 quibus

1090 1763 1221 1821 libri
1260 1763 1367 1821 hoc
1405 1762 1692 1821 uolumine
1733 1762 2013 1820 coniuncti
2053 1763 2246 1836 scripti
2287 1766 2437 1833 sunt,
2469 1764 2744 1839 agendum
2784 1768 2888 1824 est.
2923 1783 2986 1824 ac
3020 1765 3087 1823 de

1093 1857 1274 1915 tribus
1316 1855 1602 1931 opusculis
1644 1872 1784 1931 quae
1826 1854 1904 1912 de
1945 1856 2171 1923 Iacob,
2221 1856 2299 1914 de
2339 1857 2617 1931 Ioseph,
2667 1858 2745 1916 de
2793 1859 3086 1933 patriar·

1093 1950 1256 2009 chis
1303 1950 1679 2008 inscribuntur
1724 1950 1837 2007 iam
1882 1950 1937 2007 in
1987 1950 2161 2023 partis
2209 1950 2417 2024 primae
2464 1951 2782 2025 prohoemio
2824 1954 2961 2010 satis
3002 1971 3089 2011 ex-

1091 2044 1342 2119 positum
1383 2045 1486 2101 est.
1528 2061 1693 2117 quam
1736 2044 1803 2102 ob
1845 2061 1960 2101 rem
2000 2061 2090 2101 me
2131 2043 2322 2101 statim
2361 2044 2431 2102 ad
2477 2045 2730 2102 libellum
2787 2045 2865 2102 de
2923 2046 3089 2121 fuga

1096 2138 1377 2197 saeculi
1427 2141 1765 2208 connatam,
1806 2139 1860 2197 in
1904 2155 2011 2212 quo
2062 2139 2326 2213 temporis
2369 2138 2570 2197 certius
2614 2139 2910 2198 definiendi
2951 2139 3088 2198 indi-

1092 2233 1246 2290 cium
1300 2232 1482 2290 inesse
1537 2249 1712 2307 nuper
1758 2250 1791 2290 a
1829 2232 1890 2289 F.
1931 2232 2270 2290 Buechelero
2328 2233 2508 2292 edocti
2565 2251 2776 2292 sumus.
2834 2234 2882 2291 is
2940 2233 3088 2292 enim

1093 2326 1195 2404 (cf.
1245 2326 1394 2386 Mus.
1443 2326 1618 2384 Rhen.
1659 2325 1953 2384 XXXXIII
1992 2326 2130 2403 293)
2188 2326 2582 2385 animaduertit
2619 2328 2976 2386 Ambrosium
3031 2329 3086 2386 in

1093 2421 1203 2479 hoc
1242 2420 1383 2479 libro
1428 2421 1556 2490 176,
1602 2421 1692 2491 14,
1735 2437 1843 2493 quo
1890 2420 2014 2478 loco
2062 2422 2128 2478 ut
2175 2420 2636 2478 constructionem
2688 2421 2743 2479 in
2790 2421 2977 2480 uerbis
3026 2440 3089 2479 ex

1095 2515 1338 2589 epistula
1375 2515 1444 2572 ad
1474 2515 1756 2573 Hebraeos
1791 2513 1869 2591 (7,
1904 2514 2003 2590 26)
2035 2515 2265 2588 prolatis
2296 2515 2442 2572 ‘talis
2474 2515 2616 2572 enim
2650 2515 2809 2574 nobis
2843 2515 3093 2573 decebat’

1098 2607 1429 2677 defenderet,
1466 2608 1605 2666 haec
1655 2625 1718 2665 ex
1759 2606 2027 2666 Sallustio
2076 2607 2302 2666 adtulit:
2352 2610 2553 2666 ‘locum
2595 2609 2880 2667 editiorem
2924 2627 3088 2683 quam

1100 2701 1410 2759 uictoribus
1444 2696 1707 2771 decebat'‚
1743 2719 1806 2760 ea
1837 2718 1943 2759 non
1978 2718 2040 2758 ex
2072 2701 2354 2771 Historiis,
2382 2701 2478 2758 sed
2512 2719 2574 2758 ex
2607 2703 2863 2760 Arusiani
2895 2703 3093 2761 Messii

1101 2796 1364 2869 exemplis
1406 2795 1781 2854 elocutionum
1823 2796 1916 2870 (cf.
1962 2794 2202 2854 Gramm.
2244 2795 2364 2853 Lat.
2409 2795 2513 2853 VlI
2555 2797 2686 2865 465,
2721 2797 2755 2852 2
2797 2795 2900 2872 Κ.)
2943 2814 3089 2854 sum-

1102 2889 1294 2962 psisse.
1334 2905 1474 2962 quae
1520 2906 1607 2946 res
1656 2889 1736 2948 eis
1783 2906 1924 2963 quae
1961 2889 2292 2947 Ambrosius
2343 2889 2567 2947 adiecit:
2610 2889 2903 2962 ‘siquidem
2944 2889 3093 2963 apud

1103 3000 1192 3042 eos
1236 2984 1333 3057 qui
1383 2983 1675 3042 uerborum
1715 2985 1773 3041 et
1818 2983 2194 3041 elocutionum
2243 2983 2509 3041 dilectum
2551 2985 2863 3041 habuerunt
2900 2984 3090 3041 huius-

1100 3077 1249 3136 modi
1308 3078 1587 3136 inuenitur
1643 3077 1858 3135 dicente
1915 3077 2119 3149 aliquo’
2168 3078 2303 3135 satis
2353 3077 2758 3151 comprobatur.
2807 3094 2871 3135 eo
2919 3079 3094 3153 igitur

1098 3188 1236 3229 anno
1279 3188 1387 3245 quo
1427 3171 1756 3230 Ambrosius
1796 3170 2049 3228 libellum
2090 3170 2156 3227 de
2197 3169 2330 3245 fuga
2377 3172 2586 3228 saeculi
2634 3172 2858 3245 scripsit
2899 3171 3093 3228 Messii

1101 3265 1351 3337 exempla
1403 3264 1514 3323 iam
1562 3265 1617 3322 in
1659 3263 1945 3322 hominum
1986 3264 2274 3322 doctorum
2313 3264 2569 3322 manibus
2612 3268 2764 3322 erant
2804 3267 2862 3321 et
2901 3282 3090 3321 eorum

1099 3374 1373 3416 consensu
1420 3359 1666 3432 probata.
1709 3375 1875 3431 quam
1924 3359 1992 3415 ad
2040 3375 2154 3415 rem
2203 3374 2308 3415 non
2356 3358 2645 3415 minimum
2684 3357 2743 3415 id
2791 3359 3094 3416 contulisse

1101 3451 1326 3510 uidetur
1372 3453 1519 3527 quod
1569 3452 1962 3527 grammaticus
2011 3453 2343 3526 opusculum
2393 3468 2554 3509 suum
2600 3451 2824 3526 Olybrio
2867 3455 2925 3510 et
2961 3452 3093 3510 Pro-

1181 3652 1221 3712 ¹)
1253 3649 1421 3713 quodsi
1447 3652 1689 3715 quaeritur
1713 3667 1804 3715 quo
1829 3654 2040 3715 tempore
2065 3652 2115 3700 hi
2139 3666 2378 3700 sermones
2404 3651 2657 3714 conscripti
2681 3651 2792 3711 sint,
2817 3652 3093 3715 respondeo,

1102 3730 1194 3778 etsi
1226 3731 1400 3778 certius
1433 3731 1483 3778 in
1515 3732 1582 3779 eis
1615 3730 1842 3779 indicium
1874 3746 1970 3778 non
2002 3733 2143 3786 extet,
2172 3734 2334 3777 tamen
2366 3745 2423 3778 ea
2451 3745 2571 3792 quae
2598 3729 2655 3778 de
2688 3730 2914 3780 ecclesiae
2948 3733 3095 3790 statu,

1101 3806 1163 3855 de
1212 3806 1499 3864 haeresibus,
1556 3808 1614 3857 de
1667 3810 1941 3871 gentilibus,
1996 3807 2054 3856 de
2107 3808 2294 3856 Iudaeis
2354 3823 2607 3869 eorumque
2664 3823 2768 3856 cum
2814 3808 3096 3857 Christianis

1102 3887 1531 3935 concertationibus
1575 3889 1625 3935 et
1668 3887 2053 3936 altercationibus
2098 3887 2316 3935 dicuntur
2360 3886 2518 3933 omnia
2559 3887 2631 3934 ita
2675 3892 2945 3949 comparata
2977 3901 3081 3934 esse

1102 3965 1157 4011 ut
1187 3963 1301 4025 quin
1333 3964 1533 4027 scriptor
1564 3964 1797 4013 Ambrosii
1831 3965 2042 4028 aequalis
2074 3964 2218 4012 fuerit
2250 3964 2455 4012 dubitari
2488 3979 2580 4011 non
2614 3964 2777 4026 possit.
