4242 4694
1262 547 1377 603 566
2110 540 2454 589 Ambrosii
2525 582 2529 585 .

1264 716 1432 785 ditur,
1472 715 1799 789 inpudentia
1837 713 2319 801 praetendebatur.
2377 712 2773 787 coangustauit
2808 712 3048 770 uerbum
3090 713 3286 771 dicens
3391 724 3419 773 Ε

1266 809 1334 867 ad
1384 809 1694 868 dominum:
1744 812 1817 865 tu
1869 808 2015 865 scis
2064 808 2229 881 quia
2277 807 2461 864 falsa
2520 806 2855 865 dixerunt
2909 806 2990 865 de
3048 825 3173 865 me.
3231 811 3291 866 et

1265 903 1523 961 dominus
1574 902 1835 977 spiritum
1886 902 2132 960 Danielis
2181 901 2337 976 pueri
2388 902 2666 959 castitatis
2715 902 2983 960 excitauit
3020 904 3286 961 ultorem.

1149 1007 1224 1064 79
1265 1001 1576 1071 coangusta
1630 1014 1761 1072 ergo
1822 996 2071 1064 uerbum,
2130 999 2197 1054 ut
2247 995 2545 1054 redhibitio
2603 996 2879 1063 creditori,
2930 1013 3039 1054 non
3091 997 3291 1071 lingua

1028 1949 1226 2022 anso

1152 2891 1223 2949 81

1263 1091 1612 1164 respondeat,
1670 1093 1793 1148 siue
1850 1091 2115 1166 mystice:
2173 1093 2482 1165 coangusta
2533 1089 2787 1159 uerbum,
2843 1091 2951 1148 hoc
3007 1095 3100 1148 est
3157 1108 3288 1150 con·
3342 1109 3365 1143 s

1264 1202 1509 1253 summa;
1552 1185 1825 1242 uerbum
1866 1185 2037 1242 enim
2086 1201 2550 1243 consummans
2600 1189 2667 1241 et
2711 1183 3028 1242 breuians
3078 1186 3291 1243 faciet

1266 1279 1569 1337 dominus
1610 1295 1809 1353 super
1848 1283 2109 1345 terram,
2142 1279 2250 1337 hoc
2289 1281 2379 1336 est
2409 1295 2472 1336 ex
2503 1279 2699 1336 multis
2739 1279 3048 1337 ratiociniis
3093 1279 3287 1336 adbre-

1264 1374 1416 1431 uiata
1442 1374 1547 1432 tihi
1572 1391 1792 1432 summa
1831 1375 2141 1432 conueniat.
2169 1373 2429 1431 deducito
2452 1373 2600 1447 q‘uod
2635 1373 2888 1446 expensis
2921 1373 3173 1431 diuersis
3201 1377 3290 1432 est
3388 1383 3419 1432 1¹

1265 1470 1573 1544 erogatum,
1606 1471 1677 1526 ιιι
1711 1470 1933 1526 saluum
1972 1467 2176 1527 habeas
2217 1468 2366 1541 quod
2405 1467 2666 1543 supersit,
2701 1467 2980 1541 quomodo
3020 1467 3288 1527 dominus

1267 1563 1335 1620 de
1375 1563 1573 1621 multis
1613 1562 2118 1636 dispensationibus
2158 1562 2490 1620 Iudaeorum
2528 1578 2593 1620 ex
2632 1562 2812 1621 multo
2851 1561 2952 1619 illo
2991 1562 3289 1621 ratiocinio
3322 1582 3364 1617 ιο

1266 1660 1620 1729 peccatorum
1663 1656 2073 1715 consummauit
2110 1657 2330 1715 tandem
2374 1658 2542 1730 atque
2581 1656 2877 1725 breuiauit,
2910 1659 2980 1714 ut
3016 1656 3291 1730 reliquiae

1267 1750 1457 1814 saluae
1497 1750 1694 1809 fierent
1732 1767 1830 1825 per
1869 1750 2195 1809 electionem
2236 1750 2449 1825 gratiae
2489 1753 2549 1808 et
2579 1753 2934 1808 seruarentur
2965 1749 3039 1807 ad
3074 1766 3291 1818 semen,

1265 1861 1366 1918 per
1405 1861 1545 1918 quos
1584 1845 2008 1903 intermortuam
2050 1861 2204 1918 spem
2248 1861 2562 1919 synagogae
2601 1843 2979 1902 resuscitaret.

1346 1937 1526 2010 Quam
1591 1939 1837 1997 deforme
1900 1944 2005 2008 est,
2062 1943 2128 1997 ut
2192 1956 2290 2013 pro
2357 1931 2626 1996 beneficio
2686 1939 2737 1995 ei
2795 1937 2891 2011 qui
2945 1942 3004 1996 te
3066 1940 3292 1997 adiuuit
3361 1947 3419 1995 611

1265 2033 1534 2109 rependas
1575 2033 1918 2090 molestiam!
1961 2049 2090 2090 cum
2130 2031 2303 2089 istum
2343 2030 2689 2088 fraudaueris
2729 2030 2822 2089 cui
2861 2030 3056 2099 debes,
3090 2038 3292 2106 postea
3323 2054 3362 2088 u

1264 2128 1322 2186 in
1360 2130 1610 2202 tempore
1659 2127 2014 2185 necessitatis
2062 2129 2193 2184 tuae
2241 2134 2348 2184 noh
2397 2125 2647 2183 inuenies
2705 2125 3057 2185 creditorem.
3120 2143 3290 2202 quam

1267 2221 1576 2296 indignum,
1627 2224 1692 2279 ut
1738 2238 1867 2279 cum
1915 2220 2135 2278 uictum
2183 2223 2348 2278 tuum
2395 2222 2710 2278 sustentare
2757 2236 2866 2277 non
2916 2237 3117 2294 queas,
3159 2238 3290 2280 cum

1269 2316 1451 2373 adhuc
1506 2316 1645 2373 nihil
1702 2316 1921 2383 debeas,
1977 2317 2144 2389 putes
2198 2316 2346 2389 quod
2394 2317 2465 2373 ·et
2516 2314 2729 2373 uictum
2778 2317 2943 2373 tuum
2989 2316 3186 2389 possis
3235 2320 3292 2373 et

1270 2410 1519 2468 debitum
1560 2408 1854 2468 sustinere.
1896 2412 2024 2467 ante
2064 2409 2253 2485 cogita
2289 2409 2436 2466 unde
2477 2407 2755 2466 dissoluas
2796 2412 2853 2467 et
2892 2409 2976 2466 sic
3014 2412 3289 2468 mutuum

1269 2520 1449 2562 sume.
1490 2504 1744 2561 ‘fructus'
1784 2503 1967 2576 inquit
2006 2508 2282 2578 ‘agrorum
2324 2503 2523 2576 capio)
2575 2501 2811 2575 sed-qui
2847 2518 2958 2560 non
2998 2502 3293 2563 abundant
3317 2526 3363 2561 ω

1268 2596 1398 2653 usui
1447 2596 1722 2669 quomodo
1775 2596 2135 2654 abundabunt
2173 2597 2441 2655 contracti
2482 2595 2722 2654 faenoris
2760 2595 3147 2655 incremento?
3189 2598 3291 2656 sed

1268 2691 1681 2764 possessionem
1722 2707 1902 2749 meam
1942 2691 2144 2749 nendo.
2188 2695 2245 2748 et
2282 2691 2430 2749 unde
2467 2691 2703 2759 fructus,
2747 2690 2951 2763 quibus
2990 2692 3177 2749 utaris
3219 2692 3289 2750 ad
3385 2698 3417 2749 c

1272 2788 1598 2858 sumptum?
1664 2786 1859 2843 faenus
1926 2802 2032 2844 non
2097 2786 2339 2859 pecunia-
2387 2801 2490 2844 sua
2546 2785 2801 2852 soluitur,
2860 2784 2959 2842 sed
3018 2790 3287 2861 augetur:

1269 2880 1609 2938 numerando
1651 2883 2013 2939 coaceruatur
2050 2884 2108 2938 et
2146 2880 2365 2939 crescit.
2416 2879 2610 2937 deinde
2651 2895 2757 2936 non
2799 2879 3016 2953 cogitas
3059 2879 3290 2939 humili-

1271 2975 1443 3030 tatem
1495 2977 1553 3030 et
1599 2975 1990 3033 uerecundiam
2037 2974 2414 3047 postulantis?
2463 2974 2637 3032 donec
2692 2972 2951 3046 accipias,
3010 2975 3289 3033 oscularis
3317 2995 3359 3030 ιε

1269 3083 1466 3125 manus
1513 3068 1872 3128 faeneratoris
1923 3068 2164 3144 superbi,
2213 3069 2477 3127 humilias
2518 3085 2715 3126 uocem
2754 3071 2930 3136 tuam,
2971 3086 3063 3127 ne·
3087 3070 3291 3129 clarior

1426 3259 1456 3307 2
1489 3260 1594 3323 Sus.
1627 3261 1688 3309 43
1721 3260 1862 3323 (Dan.
1900 3262 1973 3320 13,
2006 3262 2088 3321 43)
2184 3263 2214 3310 6
2246 3261 2380 3311 Rom.
2413 3261 2458 3318 9,
2492 3260 2554 3309 28
2653 3256 2704 3308 11
2740 3260 2876 3320 Rom.
2911 3260 2956 3318 9,
2988 3261 3053 3310 27

1337 3370 1360 3418 1
1395 3369 1713 3431 imprudentia
1752 3369 1841 3418 ΤΟ
1979 3371 2007 3418 3
2042 3370 2243 3419 danielis
2278 3374 2320 3430 (s
2350 3385 2390 3418 s.
2421 3374 2491 3425 u.)
2525 3370 2576 3418 P
2605 3369 2838 3418 danihelis
2868 3369 2977 3419 ΒΤ
3006 3370 3208 3421 danihel
3240 3373 3290 3421 Β

1337 3449 1589 3497 suscitauit
1613 3449 1848 3498 castitatis
1865 3450 1924 3497 P‘
1988 3450 2017 3497 4
2044 3453 2100 3498 ut
2123 3449 2381 3497 redhibitio
2405 3449 2456 3497 P
2476 3454 2521 3498 et
2547 3449 2582 3507 (i
2610 3453 2710 3497 tert.
2736 3462 2774 3497 s.
2799 3450 2870 3506 u.)
2893 3449 3028 3498 Bm
3057 3449 3288 3498 redibitio

1272 3526 1436 3576 DP¹G
1461 3531 1619 3575 utrum
1652 3527 1885 3576 adhibitio
1927 3528 1974 3574 V
2083 3530 2112 3577 5
2144 3528 2331 3576 mistice
2363 3525 2455 3574 PC
2578 3541 2803 3576 consume.
2831 3528 2882 3575 P
2909 3541 3208 3578 consumma
3248 3529 3294 3577 V

1274 3609 1304 3655 6
1354 3621 1632 3654 consumans
1671 3606 1721 3654 P
1906 3606 2191 3655 abbrenians
2230 3605 2278 3653 B
2328 3604 2613 3654 adbreuians
2650 3605 2700 3662 Τ,
2909 3607 2940 3654 7
2971 3609 3103 3656 terra
3138 3609 3184 3656 T
3215 3609 3291 3667 (δη

1272 3697 1368 3746 quo
1400 3685 1489 3732 hoc
1523 3687 1598 3732 est
1620 3687 1676 3731 ut
1698 3685 1754 3733 in
1775 3699 1875 3734 ras.
1901 3688 2000 3743 m3)
2185 3683 2466 3732 abbreuiata
2489 3684 2536 3730 B
2571 3688 2622 3731 et
2651 3682 2818 3731 breuia
2849 3682 2893 3730 V
3080 3686 3136 3733 11
3176 3701 3288 3734 con·

1274 3763 1484 3823 sum-anit
1513 3762 1564 3809 P
1682 3768 1842 3811 tamen
1882 3762 1928 3809 V
2046 3762 2264 3811 breuiaui
2296 3762 2345 3809 P
2463 3762 2519 3810 13
2554 3762 2657 3825 per]
2692 3761 2754 3809 ad
2777 3761 2827 3809 B
2952 3762 3221 3825 sinagogae
3243 3765 3294 3812 P

1278 3840 1335 3889 15
1367 3840 1611 3888 molestias
1657 3841 1696 3888 V
1831 3841 1927 3903 cui]
1964 3855 2065 3889 cum
2107 3841 2152 3889 T
2256 3840 2318 3889 22
2350 3839 2413 3888 ad
2444 3842 2684 3903 sumptum
2716 3840 2942 3904 (haecs'n‘
2971 3855 3074 3889 ras.
3107 3845 3198 3890 ¹³⁸3
3228 3842 3290 3903 T)

1273 3919 1423 3967 utaris
1454 3918 1556 3967 BT
1644 3920 1704 3968 23
1738 3918 1975 3981 sumptum
2011 3924 2060 3982 (p
2093 3934 2130 3967 s.
2162 3922 2229 3976 u.)
2264 3918 2369 3966 VP‘
2495 3918 2701 3967 soluitur
2730 3932 2819 3967 sua
2840 3917 2901 3965 1²¹
2996 3919 3289 3969 24'eoacer—

1271 3997 1415 4053 batur
1448 4000 1496 4055 (v
1527 4010 1563 4048 a.
1597 3997 1648 4057 b)
1688 3997 1735 4044 V
1823 3998 1884 4047 26
1918 3996 2117 4060 superbe
2149 3996 2249 4044 BT
2277 3995 2480 4059 superbo
2517 3995 2561 4044 0
2679 4010 2768 4045 nec
2789 3995 2917 4046 R-et
2949 3999 2998 4058 (c
3030 4002 3164 4060 ap.)
3199 3998 3296 4048 VT
