4242 4694
1365 494 1439 542 De
1470 493 1611 543 Iacob
1642 496 1692 544 11
1725 496 1770 553 7,
1802 495 1990 546 31—33
2054 497 2098 550 <1
2127 498 2220 546 469
2252 498 2451 547 13—470
2481 499 2559 558 B).
2883 505 2952 560 51

955 666 1230 741 propheta
1252 669 1492 725 testatur
1519 667 1732 726 dicens:
1775 671 1844 726 et
1882 671 1976 738 tu,
2008 669 2398 740 Bethleem,
2432 670 2675 739 domus
2705 671 2956 747 Ephra-

956 760 1100 829 tha,
1134 778 1264 819 non
1306 778 1377 818 es
1418 761 1720 833 minima,
1761 765 1838 820 ut
1877 764 1979 821 sis
2018 763 2209 821 inter
2247 764 2616 840 principes
2648 765 2840 824 Iuda.
2882 783 2956 824 ex

956 858 1027 912 te
1085 854 1232 912 enim
1295 856 1488 914 exiet
1549 857 1883 931 princeps
1948 859 2013 915 in
2077 857 2414 922 Istrahel,
2481 862 2550 916 et
2612 876 2954 933 egressus

960 949 1118 1007 eius
1161 949 1240 1007 ab
1280 948 1491 1009 initio
1526 967 1557 1007 a
1589 949 1843 1009 diebus
1876 952 2168 1010 saeculi.
2201 968 2332 1010 uere
2365 952 2565 1011 domus
2598 954 2776 1028 pani&
2813 971 2953 1028 quae

909 1063 936 1096 ε
959 1042 1160 1101 domus
1202 1043 1410 1102 Christi
1449 1048 1553 1114 est,
1594 1045 1691 1119 qui
1731 1044 1890 1104 nobis
1930 1046 2091 1118 panis
2131 1044 2393 1107 salutaris
2433 1047 2662 1105 aduenit
2699 1066 2729 1106 e
2780 1049 2952 1117 caelo,
3000 1051 3044 1099 E

953 1140 1025 1195 ut
1060 1138 1175 1195 iarn
1213 1138 1404 1196 nullus
1445 1138 1655 1196 esuriat
1693 1139 1878 1197 cibum
1922 1139 2031 1197 sihi
2071 1139 2482 1198 inmortalitatis
2523 1141 2833 1215 adquirens.
2874 1142 2955 1201 ibi

950 1231 1184 1291 iubetur
1222 1232 1470 1290 habitare
1510 1233 1837 1306 patriarcha,
1879 1234 1956 1290 ibi
1999 1251 2146 1290 aram
2190 1234 2290 1292 deo
2331 1234 2529 1304 facere,
2570 1236 2666 1309 qui
2700 1237 2956 1310 apparuit

953 1326 1028 1384 ei.
1069 1325 1149 1382 ihi
1190 1326 1321 1384 deos
1363 1329 1579 1401 accepit
1619 1327 1827 1386 alienos
1869 1330 1928 1384 et
1966 1328 2257 1386 abscondit
2297 1345 2392 1386 eos
2434 1329 2539 1386 sub
2580 1330 2833 1397 lentisco,
2874 1330 2953 1388 ibi

938 1436 1183 1493 quoque
1223 1421 1445 1494 sepulta
1483 1424 1573 1477 est
1611 1421 1819 1479 Rachel
1857 1421 1924 1478 in
1966 1421 2083 1479 uia
2121 1422 2306 1495 inquit
2344 1422 2741 1496 Ephratha;
2783 1423 2952 1481 haec

886 1532 931 1569 ιο
958 1516 1071 1572 est
1123 1514 1513 1571 Bethleem.
1573 1514 1653 1571 ibi
1711 1515 1878 1573 etiam
1935 1515 2251 1573 columnam
2310 1517 2511 1574 statuit
2562 1516 2729 1575 Iacob
2787 1534 2956 1591 supra

958 1611 1379 1665 monumentum
1420 1608 1559 1666 eius.

863 1696 885 1752 3
1035 1702 1260 1774 Quanta
1298 1703 1579 1776 mysteria,
1623 1702 1752 1775 quia
1792 1703 1873 1760 ibi
1914 1704 2001 1759 est
2041 1703 2278 1760 ecclesia
2318 1703 2425 1770 dei,
2466 1703 2521 1760 in
2572 1720 2681 1776 qua
2728 1707 2955 1778 apparet

956 1796 1098 1854 deus
1139 1799 1197 1853 et
1234 1796 1485 1869 loquitur
1524 1814 1652 1854 cum
1694 1797 1934 1854 seruulis
1978 1796 2129 1854 suis!
2171 1796 2250 1853 ibi
2291 1797 2609 1871 eripiuntur
2639 1800 2696 1855 et
2727 1799 2952 1857 abscon-

956 1891 1165 1948 duntur
1204 1890 1502 1948 simulacra
1539 1891 1823 1965 gentium3
1866 1891 2003 1949 fides
2036 1892 2183 1948 enim
2217 1892 2485 1950 ecclesiae
2517 1910 2738 1950 omnem
2770 1893 2953 1951 obser-

883 2007 928 2042 1⁵
955 1984 1207 2042 uantiam
1248 1984 1578 2059 gentilitatis
1619 1985 1883 2043 aboleuit.
1925 1985 2024 2042 sed
2065 2002 2161 2042 cur
2201 1986 2305 2042 sub
2337 1986 2571 2043 lentisco
2605 1986 2955 2044 absconderit

957 2094 1179 2151 quaero.
1221 2082 1367 2136 certe
1409 2096 1585 2153 genus
1625 2080 1779 2137 istud
1818 2080 2228 2137 infructuosum
2271 2082 2373 2136 est.
2415 2079 2495 2136 ibi
2533 2097 2663 2154 ergo
2704 2084 2836 2138 sunt
2874 2080 2951 2138 dii
2967 2085 3121 2134 47οΑ

957 2172 1229 2248 gentium,
1271 2172 1369 2230 ubi
1406 2172 1595 2230 nullus
1638 2175 1726 2230 est
1763 2173 1995 2231 fructus.
2037 2173 2118 2230 ibi
2158 2174 2379 2230 inaures
2421 2174 2713 2249 gentilium
2755 2174 2951 2233 infodi-

956 2271 1146 2336 untur,
1197 2284 1335 2341 quas
1385 2266 1654 2324 dederunt
1699 2267 1886 2335 Iacob,
1936 2269 2002 2324 ut
2047 2268 2158 2325 iam
2204 2284 2409 2325 nouam
2454 2268 2705 2342 linguam
2763 2268 2952 2326 audire

956 2361 1308 2429 adsuescant,
1349 2364 1597 2418 ueterem
1639 2361 1899 2435 perfidiae
1942 2380 2195 2420 somnum
2235 2363 2503 2429 nesciant,
2553 2363 2953 2420 obsurdescant

887 2475 929 2510 ω
957 2471 1118 2513 aures
1161 2472 1352 2512 eorum
1396 2456 1704 2531 sacrilegio,
1748 2456 2115 2513 emundentur
2153 2456 2222 2514 ad
2263 2457 2515 2531 gratiam.
2557 2474 2664 2515 non
2698 2458 2951 2515 inmerito

955 2552 1181 2608 sanctus
1224 2549 1302 2605 ibi
1344 2549 1581 2606 Danihel
1620 2550 1827 2607 falsum
1867 2550 2163 2607 aduersum
2209 2550 2517 2609 Susannam
2567 2551 2951 2608 testimonium

954 2642 1332 2717 deprehendit.
1365 2643 1445 2700 ibi
1477 2644 1620 2701 enim
1647 2644 1873 2700 uolebat
1896 2643 2075 2701 adhuc
2100 2644 2314 2702 radices
2340 2661 2470 2702 suas
2495 2645 2678 2703 locare
2704 2643 2948 2719 perfidia,

954 2736 1052 2794 sed
1088 2736 1267 2795 latere
1308 2754 1414 2795 non
1456 2738 1660 2811 potuit,
1705 2738 1834 2811 quia
1872 2738 2195 2811 prophetico
2239 2738 2439 2811 spiritu
2473 2738 2813 2812 deprehensa
2844 2741 2948 2797 est.
2997 2743 3037 2791 B

954 2845 1236 2906 congruus
1292 2835 1480 2889 autem
1538 2849 1684 2889 error
1739 2834 2044 2906 presbyteri
2102 2849 2264 2890 uerae
2329 2833 2680 2900 confessioni,
2744 2835 2810 2889 ut
2869 2833 2948 2890 ibi

1113 3046 1134 3093 1
1172 3045 1314 3094 mich.
1341 3048 1386 3102 5,
1412 3046 1441 3093 2
1534 3048 1563 3094 5
1596 3047 1698 3094 Ioh.
1722 3048 1766 3103 6,
1794 3048 1849 3094 51
1934 3048 1962 3093 7
1987 3047 2106 3095 Gen.
2133 3048 2208 3103 35,
2238 3047 2259 3093 1
2359 3046 2388 3093 8
2414 3046 2530 3095 Gen.
2555 3046 2631 3099 35,
2655 3048 2688 3093 4
2767 3047 2795 3093 9
2831 3044 2946 3094 Gen.

947 3124 1029 3174 35.
1066 3124 1125 3171 19
1284 3125 1342 3172 10
1374 3122 1491 3174 Gen.
1526 3126 1600 3182 35,
1635 3126 1696 3173 20
1858 3127 1913 3172 17
1948 3124 2067 3175 Gen.
2098 3126 2173 3180 35,
2204 3126 2234 3172 4
2362 3125 2419 3171 21
2456 3125 2561 3172 Sus,
2597 3125 2737 3184 (Dan.
2776 3123 2852 3181 13)
2887 3126 2949 3173 54

949 3203 1013 3250 24
1043 3201 1152 3249 Act.
1189 3202 1259 3258 15,
1301 3202 1363 3250 20

1015 3313 1041 3360 1
1074 3313 1282 3359 testatus
1316 3315 1390 3359 est
1420 3311 1540 3360 N'D
1664 3312 1844 3360 b&hem
1876 3313 1924 3360 A
1956 3311 2168 3360 bethlem
2199 3311 2298 3360 Ἦν
2330 3311 2603 3358 bethlehem
2627 3310 2757 3360 21¹¹E
2878 3311 2945 3359 ef-

942 3389 1078 3438 frata
1108 3387 1285 3439 Aoe'E
1312 3390 1513 3438 effi-atha
1546 3392 1593 3438 P
1619 3390 1776 3438 efrata
1811 3390 1859 3438 V
1948 3392 1977 3439 2
2013 3392 2066 3438 ut
2098 3390 2162 3437 sis
2195 3390 2286 3437 del.
2313 3392 2397 3439 m2
2420 3390 2483 3445 A.
2515 3404 2553 3437 a.
2578 3403 2626 3436 u.
2669 3389 2714 3437 T
2833 3389 2864 3437 3
2895 3391 2945 3437 in

943 3467 1156 3519 APVss.
1185 3482 1275 3517 on.
1310 3472 1394 3516 cet.
1520 3468 1698 3516 israhel
1728 3468 1776 3515 P
1806 3469 1893 3516 ἰπὶ
1924 3474 2008 3516 cet.
2103 3470 2133 3517 4
2169 3468 2246 3516 die
2275 3468 2375 3514 VN
2401 3466 2567 3515 diebus
2601 3467 2710 3524 (bus
2739 3482 2778 3517 ε.
2803 3471 2872 3527 u.)
2907 3468 2952 3515 T

941 3549 975 3595 5
1009 3546 1149 3593 nobis
1182 3547 1228 3603 (e
1258 3560 1296 3594 a.
1329 3548 1399 3602 ιι.)
1436 3547 1483 3593 A
1577 3548 1884 3607 Gatquirens
1909 3549 1954 3594 A
2050 3547 2080 3594 8
2114 3546 2362 3594 abscondit
2384 3549 2431 3592 A
2458 3550 2507 3604 (n
2533 3559 2569 3593 ο.
2594 3548 2665 3601 u.)
2760 3547 2791 3593 9
2824 3546 2945 3594 efra-

941 3623 1040 3672 tha
1069 3623 1221 3675 APw
1256 3624 1408 3672 efrata
1443 3623 1532 3675 Vn
1647 3624 1764 3671 haec
1795 3624 1986 3676 PVstT
2014 3626 2104 3673 hoc
2136 3629 2218 3674 cet.
2323 3626 2381 3672 14
2414 3623 2697 3671 simulachra
2727 3623 2952 3675 Aw‘ET

1012 3700 1368 3751 obseruantium
1410 3705 1550 3760 (cm.
1592 3706 1691 3761 ΜΒ)
1736 3703 1832 3751 AP
1989 3705 2047 3752 15
2090 3702 2392 3751 absconderit
2433 3717 2524 3750 om.
2574 3701 2685 3758 VN,
2727 3717 2764 3751 s.
2807 3717 2856 3751 u.
2905 3702 2951 3750 Τ

944 3780 1008 3828 19
1045 3782 1253 3827 ueterem
1287 3780 1333 3827 A
1369 3784 1424 3837 (e.
1458 3783 1541 3828 m2
1570 3781 1594 3828 1
1623 3781 1708 3838 ris)
1897 3796 2111 3829 somnum
2145 3782 2193 3829 A
2225 3785 2290 3839 (m
2316 3796 2394 3842 pr.
2429 3796 2534 3841 exp.
2567 3784 2666 3837 m2)
2700 3781 2748 3828 P
2778 3795 2945 3828 sonum

939 3862 1035 3907 eet.
1161 3858 1218 3906 21
1255 3858 1479 3906 aduersus
1523 3858 1733 3906 VNP‘T
1874 3875 2146 3915 sussannam
2181 3859 2229 3906 P
2350 3860 2411 3908 23
2445 3860 2674 3921 profetico
2707 3859 2810 3908 AV
2837 3874 2944 3920 pro-

939 3933 1121 3983 feotico
1153 3933 1202 3981 P
1229 3936 1273 3997 (c
1305 3937 1447 3996 eras.)
1598 3937 1659 3982 24
1692 3935 1960 3997 presbiterii
1994 3937 2040 3982 A
2074 3937 2109 3994 (i
2145 3941 2248 3984 tert.
2281 3950 2318 3984 e.
2351 3951 2402 3986 u.
2433 3940 2533 3997 20⁸2)
2567 3937 2817 3998 presbiteri
2848 3935 2950 3983 PV

2824 4029 2879 4073 4*
