4242 4694
1352 536 1423 584 De
1456 535 1709 585 Nabuthae
1735 537 1777 585 3.
1799 538 1846 592 4,
1874 535 2058 584 12-16
2087 534 2461 600 (1568Β-569
2478 536 2558 599 D).
2837 539 2953 597 475

1030 708 1367 767 Audiuimus
1392 725 1588 767 uocem
1619 709 1813 768 diuitis
1847 710 2027 768 aliena
2059 709 2392 784 quaerentis,
2427 708 2719 767 audiamus
2752 726 2950 769 uocem

951 802 1210 878 pauperis
1266 803 1489 878 propria
1545 803 1910 862 uindicantis:
1966 820 2095 862 non
2150 801 2286 861 fiat
2333 802 2518 879 inquit
2566 803 2693 863 hoc
2735 821 2767 862 a
2807 803 2951 874 deo,

952 901 1032 955 ut
1095 897 1241 956 dem
1307 898 1448 956 tibi
1512 898 1991 957 hereditatem
2054 902 2334 974 patrum
2398 916 2724 958 meorum.
2791 899 2952 972 quasi

952 991 1229 1064 quandam
1283 994 1673 1068 contagionem
1725 993 1814 1051 sni
1864 993 2158 1068 pecuniam
2212 1008 2336 1051 esse
2389 992 2582 1051 diuitis
2637 992 2951 1057 arbitratur.

892 1107 920 1143 ο
954 1085 1114 1160 quasi
1166 1085 1337 1144 dicat:
1390 1087 1694 1160 pecunia
1743 1089 1860 1144 tua
1905 1089 2138 1147 tecum
2187 1086 2287 1144 sit
2332 1087 2400 1144 in
2450 1087 2951 1161 perditionem,

951 1197 1056 1255 ego
1097 1183 1281 1238 autem
1325 1180 1690 1239 hereditatem
1728 1183 1951 1256 patrum
1991 1198 2242 1240 meorum
2283 1196 2389 1240 non
2427 1199 2662 1256 possum
2695 1181 2952 1239 uendere.

951 1273 1126 1333 habes
1174 1275 1323 1349 quod
1372 1275 1642 1348 sequaris,
1696 1275 1876 1343 diues,
1918 1276 1967 1334 si
2006 1276 2210 1351 sapias,
2252 1279 2318 1335 ut
2356 1293 2463 1335 non
2503 1276 2712 1335 uendas
2753 1293 2950 1352 agrum

950 1371 1114 1426 tuum
1169 1384 1267 1443 pro
1325 1370 1486 1425 nocte
1541 1368 1868 1438 meretricis,
1925 1384 2030 1427 non
2086 1369 2442 1428 transfundas
2497 1368 2590 1428 ius
2638 1374 2802 1428 tuum
2853 1385 2949 1443 pro
2965 1389 3060 1438 569
3083 1391 3124 1437 A

952 1465 1184 1535 sumptu
1235 1462 1647 1521 comissationis
1703 1457 2138 1538 deliciarumque
2191 1463 2458 1538 inpensis,
2502 1481 2609 1524 non
2665 1463 2951 1523 adiudices

869 1578 918 1614 ιο
952 1557 1178 1615 domum
1233 1560 1388 1615 tuam
1447 1551 1516 1615 ad
1567 1556 1766 1615 ludum
1823 1558 1993 1627 aleae,
2050 1575 2120 1634 ne
2173 1558 2263 1616 ius
2318 1558 2686 1618 hereditariae
2724 1559 2952 1636 pietatis

950 1651 1199 1711 amittas.
1239 1652 1327 1711 his
1369 1652 1576 1710 auditis
1617 1651 1878 1711 turbatus
1920 1655 2008 1711 est
2047 1653 2199 1711 anari
2240 1654 2474 1728 spiritus
2506 1655 2670 1731 regis.
2713 1660 2782 1715 et
2812 1656 2954 1716 dor-

950 1746 1168 1804 miuit
1213 1746 1281 1805 in
1331 1745 1527 1806 lecto
1579 1763 1703 1806 suo
1746 1750 1816 1804 et
1855 1747 2141 1806 uelauit
2180 1747 2437 1806 faciem
2479 1766 2671 1807 suam
2714 1752 2782 1807 et
2820 1768 2952 1809 non

949 1840 1416 1902 manducauit
1461 1858 1705 1916 panem
1755 1857 1976 1901 suum.
2018 1842 2217 1918 lugent
2255 1841 2479 1912 diuites,
2522 1842 2572 1900 si
2612 1860 2717 1901 non
2759 1848 2956 1920 potue-

949 1936 1064 1993 rint
1102 1934 1282 1993 aliena
1321 1935 1582 2010 diripere;
1637 1936 1684 1994 si
1734 1937 1854 1995 suis
1902 1953 2113 2011 pauper
2151 1953 2259 1995 non
2299 1938 2533 1995 cesserit
2571 1938 2953 2010 facultatibus,

882 2048 928 2083 ιο
953 2030 1070 2088 uim
1110 2029 1378 2087 maeroris
1418 2034 1606 2106 tegere
1646 2047 1751 2088 non
1796 2034 2052 2103 possunt.
2094 2030 2332 2088 dormire
2380 2031 2712 2101 desiderant,
2762 2033 2954 2092 uelant

952 2124 1154 2182 faciem
1195 2141 1375 2193 suam,
1416 2141 1483 2182 ne
1524 2125 1824 2198 quicquam
1863 2125 1919 2182 in
1963 2125 2093 2183 orbe
2130 2128 2398 2184 terrarum
2431 2125 2675 2184 alienum
2708 2127 2953 2198 uideant,
2999 2142 3040 2191 Β

955 2234 1025 2277 ne
1083 2219 1382 2292 quicquam
1446 2219 1500 2276 in
1563 2218 1668 2277 hoc
1725 2219 1929 2278 mundo
1986 2236 2093 2277 non
2152 2235 2276 2277 esse
2331 2236 2497 2277 sunm
2553 2220 2829 2291 uenerint,
2885 2239 2952 2280 ne

956 2311 1184 2372 audiant
1230 2312 1481 2370 uicinum
1529 2312 1683 2371 iuxta
1735 2330 1796 2371 se
1847 2313 2061 2387 aliquid
2097 2313 2402 2388 possidere,
2444 2331 2512 2372 ne
2552 2314 2784 2373 audiant
2820 2332 2955 2390 pau-

950 2424 1140 2482 perem
1188 2406 1297 2464 sibi
1345 2406 1832 2467 contradicentem.
1883 2407 2081 2467 horum
2130 2411 2263 2466 sunt
2308 2409 2522 2467 animae
2571 2409 2777 2482 quibus
2819 2409 2957 2469 dicit

869 2520 917 2556 ιο
947 2501 1249 2576 propheta:
1292 2501 1637 2559 mulieres
1679 2501 1970 2572 diuites,
2014 2503 2399 2578 exsurgite.

1030 2596 1114 2654 Et
1169 2612 1296 2652 non
1353 2595 1818 2663 manducauit
1870 2597 2055 2671 inquit
2110 2614 2352 2673 panem
2420 2613 2647 2656 suum:
2691 2598 2952 2672 quoniam
3002 2614 3039 2665 c

948 2691 1251 2764 quaerebat·
1312 2690 1580 2757 alienum;
1661 2691 1862 2749 etenim
1928 2691 2136 2750 diuites
2199 2692 2442 2751 alienum
2508 2692 2688 2768 magis
2753 2710 2951 2768 panem

948 2801 1114 2859 quam
1158 2801 1325 2842 suum
1367 2783 1719 2852 manducant,
1762 2786 1859 2858 qui
1896 2791 2056 2860 rapto
2097 2787 2303 2844 uiuunt
2333 2791 2390 2845 et
2421 2787 2629 2861 rapinis
2662 2790 2949 2862 sumptum

948 2882 1206 2937 exercent
1245 2896 1429 2937 suum.
1471 2881 1571 2935 aut
1610 2884 1760 2937 certe
1792 2897 1901 2939 non
1934 2879 2298 2939 manducauit
2325 2898 2526 2955 panem
2559 2898 2725 2940 suum
2758 2882 2951 2940 uolens

867 2994 915 3031 ιε
947 2989 1010 3030 se
1058 2975 1237 3031 morte
1285 2972 1543 3043 multare,
1598 2972 1747 3046 quod
1794 2973 1848 3031 ei
1896 2973 2107 3048 aliquid
2153 2979 2466 3051 negaretur.
2509 2992 2769 3050 compara
2806 2993 2954 3035 nune
3002 2994 3044 3041 D

1106 3168 1135 3213 5
1168 3164 1273 3215 Act.
1306 3164 1350 3222 8,
1384 3165 1445 3213 20
1540 3165 1600 3213 20
1633 3164 1759 3213 Esai.
1791 3165 1868 3220 32,
1901 3165 1930 3213 9
2019 3165 2079 3213 23
2113 3165 2172 3213 cf.
2208 3163 2349 3213 Ouid.
2382 3167 2498 3215 Met.
2531 3166 2556 3215 1
2592 3169 2682 3216 144

1015 3291 1036 3338 1
1066 3288 1338 3352 audiamus]
1375 3289 1642 3339 audiuimus
1673 3289 1741 3339 N‘
1898 3285 2122 3353 pauperis
2150 3304 2314 3338 uocem
2347 3289 2412 3339 B'
2497 3291 2528 3339 2
2559 3290 2647 3339 fiat
2676 3290 2766 3340 hoc
2797 3292 2956 3354 inquit

950 3368 1130 3430 (inquit
1160 3373 1300 3415 extra
1332 3384 1379 3415 u.
1414 3369 1507 3430 πυ)
1539 3370 1582 3419 21
1726 3358 1819 3419 effi>
1857 3369 1898 3418 0
2018 3370 2050 3416 4
2083 3369 2342 3418 arbitretur
2371 3371 2414 3420 a
2541 3371 2569 3418 5
2604 3370 2872 3431 perditione
2914 3370 2959 3418 V

948 3448 977 3495 7
1011 3447 1170 3509 sapias
1202 3452 1275 3504 (sa
1304 3463 1340 3494 s.
1375 3453 1445 3505 u.)
1478 3447 1520 3497 21
1552 3447 1713 3509 capias
1744 3447 1845 3497 RB
1937 3447 1967 3496 8
1999 3448 2177 3496 iustum
2209 3461 2294 3509 pro
2326 3450 2518 3510 sumpto
2550 3447 2614 3495 B‘
2721 3449 2750 3497 9
2784 3449 2953 3498 comis·

946 3525 1151 3574 sationis
1195 3525 1242 3575 R
1282 3530 1423 3584 (corr.
1465 3530 1680 3584 comesa.)
1719 3526 1768 3573 B
1815 3526 2290 3575 commessationibus
2332 3526 2393 3574 B‘
2441 3527 2799 3576 comessationis
2837 3526 2959 3576 N‘V

948 3604 1308 3653 comessationis
1340 3609 1422 3653 cet.
1550 3603 1825 3653 deliciarum
1856 3606 1967 3669 (om.
1996 3610 2113 3668 qne)
2147 3605 2281 3654 B‘N‘
2313 3610 2363 3654 et
2395 3605 2670 3654 deliciarum
2703 3605 2746 3654 G
2868 3606 2953 3655 ad-

947 3683 1121 3744 iungas
1154 3683 1212 3729 P‘
1311 3682 1369 3730 10
1401 3682 1557 3746 aliene
1589 3683 1650 3730 P‘
1748 3684 1803 3732 11
1839 3684 2061 3733 turbatur
2092 3688 2192 3744 (-ur
2222 3699 2281 3733 a
2312 3699 2405 3741 -us,
2437 3698 2529 3733 om.
2562 3683 2657 3747 est)
2686 3685 2731 3737 a
2855 3685 2953 3747 spi-

947 3761 1069 3809 ritus
1103 3761 1234 3809 anari
1259 3753 1340 3808 Ns
1424 3763 1481 3809 15
1516 3761 1612 3809 uim
1639 3768 1690 3813 (ε.
1719 3766 1843 3821 cuin)
1870 3778 2123 3812 memorem
2158 3763 2204 3810 V
2222 3778 2327 3812 cum
2353 3777 2608 3813 memorem
2637 3762 2678 3812 G
2771 3765 2953 3813 17-non

948 3841 1074 3902 esse]
1110 3853 1213 3889 esse
1246 3856 1341 3889 non
1374 3840 1441 3889 N*
1476 3845 1589 3897 (non
1621 3856 1658 3889 s.
1692 3856 1739 3889 u.
1773 3841 1834 3900 ⁹1)
1952 3844 2008 3891 19
2044 3842 2173 3892 dicet
2206 3843 2243 3903 (i
2273 3857 2310 3894 s.
2345 3848 2390 3903 e)
2434 3842 2476 3890 V
2577 3843 2640 3892 22
2672 3842 2849 3892 etenim
2882 3841 2951 3889 di·

946 3919 1074 3966 uites
1107 3918 1313 3967 alienum
1344 3919 1401 3967 in
1429 3934 1518 3981 my.
1552 3920 1645 3980 inf.
1676 3921 1760 3968 ΜΒ
1792 3920 1840 3967 Β
1963 3921 2117 3984 magis
2150 3921 2357 3971 alienum
2392 3920 2563 3970 GB¹N¹
2664 3918 2733 3972 28
2765 3920 2879 3985 quia
2908 3920 2956 3969 L

947 3998 1011 4046 24
1044 3997 1334 4055 manducant
1362 3999 1407 4049 st
1439 3997 1698 4047 manducat
1725 3999 1838 4049 2¹12:
