4242 4694
1482 518 1556 566 ne
1587 518 1760 581 10⁸2p11
1794 520 1839 576 5,
1871 519 1947 567 23.
1982 520 2042 567 24
2105 518 2149 576 (ι
2179 520 2266 567 491
2301 518 2497 569 E—492
2528 518 2606 580 Ε).
2969 521 3045 578 89

1046 691 1246 749 uxori
1305 690 1571 748 domini
1629 690 1758 749 sui.
1815 692 1967 748 reete
2023 707 2161 747 uxor
2219 689 2446 753 domini,
2498 707 2605 749 non
2653 690 2776 763 ipsa
2824 688 3045 747 domina

1048 784 1271 854 dicitur,
1328 801 1466 857 quae
1523 801 1628 843 non
1687 784 1875 858 potuit
1929 787 2254 858 extorquere
2304 785 2454 857 quod
2500 785 2685 843 uoluit
2727 784 3041 858 impetrare.

1046 896 1176 937 nam
1216 879 1494 953 quomodo
1536 879 1774 946 domina,
1817 895 1958 952 quae
1998 878 2317 936 dominandi
2351 896 2457 936 non
2493 880 2733 937 habebat
2764 879 3041 945 effectum,

983 1089 1011 1124 ε.
1046 1067 1327 1125 incentiua
1373 1066 1731 1141 praestabat?
1778 1066 1875 1124 ille
1926 1066 2199 1133 dominus,
2251 1068 2347 1141 qui
2397 1069 2632 1126 amantia
2681 1084 2788 1125 non
2829 1067 3045 1139 excepit

1040 1163 1213 1231 facea,
1256 1161 1352 1234 qui
1390 1160 1755 1220 lenocinantis
1798 1160 2024 1218 uincula
2063 1179 2170 1219 non
2215 1162 2406 1232 sensit,
2448 1179 2613 1235 quem
2653 1161 2808 1220 nulla
2844 1161 3040 1218 mortis

1039 1255 1276 1314 formido
1304 1255 1619 1329 perterruit,
1645 1255 1740 1328 qui
1765 1256 1966 1313 maluit
1989 1256 2129 1312 liber
2154 1255 2399 1313 criminis
2417 1257 2556 1314 mori
2574 1272 2739 1329 quam
2756 1255 3038 1328 potentiae
3078 1257 3116 1306 C

1041 1350 1371 1407 criminosae
1421 1348 1626 1423 eligere
1676 1349 2035 1407 consortium.
2087 1351 2183 1407 ille
2239 1350 2382 1407 liber
2437 1350 2532 1423 qui
2586 1353 2749 1423 turpe
2805 1348 3041 1406 credidit

1037 1444 1221 1501 uicem
1263 1442 1470 1518 gratiae
1511 1460 1616 1501 non
1649 1442 1869 1501 referre.
1907 1443 2140 1516 denique
2174 1462 2280 1501 nou
2316 1447 2382 1502 ut
2413 1443 2778 1502 meticulosus
2812 1446 3041 1500 excusat

953 1556 1005 1591 ιο
1038 1554 1140 1595 nee
1189 1539 1476 1609 tamquam
1523 1536 1759 1610 periculi
1807 1536 2039 1595 timidus
2092 1541 2271 1604 cauet,
2323 1538 2420 1596 sed
2461 1541 2746 1610 tamquam
2785 1536 3037 1594 beneficii

1038 1631 1190 1690 erilis
1223 1635 1280 1688 et
1309 1630 1655 1689 innocentiae
1687 1648 1822 1689 suae
1848 1631 2070 1689 debitor
2089 1632 2239 1706 fugit
2262 1633 2465 1689 crimen
2490 1632 2691 1707 ingrati
2713 1631 3037 1705 peccatique

1033 1726 1214 1783 labem
1274 1726 1332 1782 et
1387 1725 1583 1799 culpae
1639 1726 1962 1799 contagium
2021 1725 2181 1798 quasi
2235 1726 2421 1783 iustus
2469 1726 2757 1783 horrescit.
2805 1726 3036 1782 tertium

1035 1820 1318 1893 spiculum
1392 1818 1642 1876 adultera
1712 1818 2096 1891 interpellandi
2172 1818 2510 1877 adsiduitate
2581 1818 2854 1884 uibrabat,
2938 1817 3034 1875 sed

1032 1913 1239 1989 Ioseph
1263 1929 1371 1970 non
1404 1913 1668 1970 audiebat
1697 1929 1835 1970 eam.
1871 1912 2042 1971 habes
2074 1916 2207 1986 post
2236 1914 2415 1987 prima
2446 1913 2617 1971 uerba
2648 1911 2782 1985 quid
2815 1928 3033 1969 caueas.

956 2026 1004 2062 ιι
1034 2025 1144 2065 non
1195 2007 1379 2065 solum
1429 2006 1662 2076 lubrica,
1713 2006 1812 2064 sed
1862 2007 2029 2065 etiam
2076 2023 2277 2081 procax
2316 2008 2611 2080 inportuna
2648 2005 2907 2079 petulans
2948 2007 3036 2062 est
3065 2010 3108 2058 D

1032 2101 1228 2168 libido,
1292 2117 1393 2158 nec
1456 2100 1627 2157 habet
1692 2101 1839 2174 quod
1903 2104 2164 2159 uereatur
2219 2101 2484 2158 adultera.
2544 2117 2685 2173 quae
2741 2099 3033 2173 dispendia

1033 2195 1260 2269 pudoris
1301 2196 1481 2269 prima
1520 2211 1625 2253 non
1668 2194 1849 2253 doluit
1887 2194 2201 2263 insidiatur,
2242 2197 2309 2252 ut
2348 2196 2548 2268 capiat.

866 2287 951 2345 24
1113 2289 1362 2362 Denique
1411 2288 1579 2347 officii
1631 2289 1719 2346 sui
1769 2294 1826 2347 et
1875 2290 2159 2346 commissi
2210 2290 2453 2347 muneris
2502 2289 2813 2363 ingressum
2854 2289 3033 2362 gratia

1032 2384 1261 2441 remotis
1289 2383 1511 2441 arbitris
1544 2400 1608 2440 ac
1642 2382 1966 2441 domesticis
1999 2383 2360 2457 adprehendit
2391 2401 2518 2441 eum
2553 2382 2773 2440 dicens:
2809 2382 3029 2439 dormi

949 2498 1002 2533 no
1032 2495 1315 2536 meeum.
1352 2480 1647 2536 excusatur
1669 2477 1871 2550 Ioseph
1905 2478 2209 2551 scripturae
2240 2478 2578 2547 testimonio,
2613 2477 2744 2550 quia
2774 2476 3029 2534 commis-

1034 2589 1161 2629 sum
1211 2589 1244 2628 a
1292 2571 1515 2629 domino
1565 2571 1812 2628 deserere
1864 2572 2127 2644 nequibat
2166 2571 2517 2644 obsequium.
2559 2588 2665 2628 non
2708 2571 2849 2628 enim
2892 2569 3029 2628 satis

1033 2670 1121 2723 est
1169 2667 1318 2738 quod
1366 2683 1596 2724 securus
1647 2666 1736 2724 sui
1794 2665 1993 2723 domus
2051 2666 2313 2724 interiora
2367 2666 2528 2738 quasi
2586 2666 2682 2738 qui
2739 2664 2862 2738 capi
2919 2680 3025 2720 non

1030 2763 1225 2834 posset
1245 2760 1533 2834 ingressus
1560 2762 1678 2817 eat:
1705 2759 1891 2817 iustus
1918 2759 2113 2817 debuit
2134 2759 2444 2833 prouidere,
2478 2776 2546 2817 ne
2577 2759 2781 2816 furenti
2812 2758 3027 2830 copiam
3063 2763 3121 2811 Ε·

1032 2853 1189 2910 daret
1220 2856 1278 2910 et
1308 2853 1429 2912 eius
1461 2853 1560 2910 illa
1589 2856 1819 2927 peceato
1851 2853 2071 2935 periret.
2107 2853 2206 2911 sed
2239 2853 2335 2926 qui
2367 2852 2649 2912 aduersari
2682 2852 2789 2909 sibi
2822 2851 3029 2908 domini

949 2967 999 3003 ιο
1031 2948 1121 3004 sui
1177 2946 1407 3004 uidebat
1458 2962 1683 3004 uxorem
1743 2947 1978 3004 neclecti
2033 2946 2200 3004 officii
2261 2947 2428 3004 etiam
2485 2964 2518 3003 a
2565 2946 2785 3004 domino
2834 2961 3029 3003 cauere

1030 3040 1266 3098 debebat
1307 3039 1589 3098 offensam.
1631 3040 1802 3097 simul
1843 3041 2023 3097 adhue
2065 3040 2353 3109 sermonis,
2396 3057 2502 3098 non
2544 3038 3027 3113 co'nprehensionis

872 3152 948 3208 25
1028 3134 1264 3210 putabat
1303 3134 1608 3191 audaciam.
1652 3138 1948 3192 excusatur
1994 3134 2141 3208 quod
2190 3134 2478 3209 ingressus
2527 3136 2630 3203 est,
2679 3132 3029 3206 praedicatur

1189 3302 1248 3349 13
1281 3299 1397 3350 Gen.
1431 3301 1508 3360 39,
1543 3301 1601 3349 10
1700 3302 1757 3350 18
1791 3300 1906 3350 Gen.
1941 3303 2017 3358 39,
2054 3303 2106 3350 11
2145 3318 2216 3364 sq.

1096 3414 1114 3459 1
1155 3411 1286 3459 uxori
1320 3413 1356 3472 (i
1388 3412 1534 3473 eras.)
1567 3412 1614 3458 P
1642 3426 1756 3458 uxor
1786 3411 1839 3458 D
1962 3413 1991 3458 2
2023 3413 2279 3474 impetrare
2310 3410 2388 3459 1²¹¹
2418 3412 2652 3474 imperare
2684 3416 2769 3458 cet.
2897 3410 2926 3458 3
2952 3409 3024 3458 af-

1026 3490 1207 3540 fectum
1237 3491 1296 3542 21⁴
1327 3491 1466 3553 (corr.
1497 3492 1598 3550 m2)
1631 3489 1806 3550 waT
1958 3492 1988 3537 6
2020 3491 2346 3538 lenocenantis
2377 3490 2426 3538 Β
2613 3489 2773 3537 uincla
2801 3487 3029 3538 PVw‘D

1033 3569 1090 3618 10
1124 3569 1252 3617 cauit
1281 3568 1331 3616 Β
1362 3573 1408 3617 et
1437 3569 1574 3631 (corr.
1607 3569 1708 3629 m2)
1740 3569 1788 3615 P
1879 3570 1937 3617 12
1968 3569 2179 3616 horescit
2213 3569 2258 3615 Β
2356 3569 2413 3617 13
2445 3566 2782 3630 interpellandi
2803 3567 2853 3615 Β
2876 3567 2911 3624 (i
2939 3566 3024 3614 alt.

1025 3662 1065 3697 e.
1097 3654 1168 3706 u.)
1201 3648 1250 3695 P
1280 3650 1329 3705 (a
1359 3661 1418 3695 m:
1449 3662 1475 3694 e
1506 3649 1608 3705 m2)
1798 3647 2088 3695 adsiduitate
2119 3646 2168 3694 P
2199 3646 2269 3705 (id
2300 3661 2358 3694 a
2389 3646 2469 3707 ua)
2637 3646 2694 3693 15
2726 3644 2947 3711 petulans
2978 3644 3028 3692 Β

1030 3730 1081 3785 (ιι
1110 3740 1150 3775 8.
1182 3725 1254 3786 u.)
1352 3725 1409 3772 18
1441 3725 1513 3772 sui
1547 3739 1636 3772 om.
1671 3725 1719 3771 P
1839 3725 2048 3772 muneris
2079 3726 2164 3771 ΜΒ
2194 3738 2253 3772 ex
2283 3724 2488 3772 numeris
2521 3724 2569 3770 P
2689 3724 2955 3785 ingressum
2978 3722 3028 3770 Β

1030 3808 1072 3864 (ε
1104 3820 1143 3853 a.
1176 3808 1242 3863 m)
1268 3805 1508 3865 ingressus
1532 3801 1711 3850 PP²¹D
1734 3808 1777 3850 et
1799 3807 1849 3859 (u
1874 3816 1994 3852 corr.
2018 3806 2120 3862 m2)
2146 3803 2206 3851 Ρ·
2277 3803 2335 3850 21
2363 3802 2594 3864 nequibat
2617 3801 2831 3850 deserere
2853 3799 3029 3850 wET

1027 3884 1090 3930 24
1122 3886 1174 3930 et
1204 3896 1293 3929 om.
1318 3881 1366 3928 P
1397 3870 1473 3939 (ἦὶ
1504 3896 1542 3929 s.
1575 3896 1623 3929 u.
1655 3883 1776 3938 m2),
1807 3895 1866 3928 ne
1888 3880 1941 3927 D
2026 3881 2086 3929 25
2118 3880 2327 3942 neglecti
2350 3879 2400 3927 Β
2432 3884 2487 3941 (g
2517 3893 2576 3928 a
2600 3882 2642 3936 c)
2669 3884 2751 3928 cet.
2843 3880 2901 3927 26
2925 3892 3023 3925 aer-

1027 3960 1182 4008 monis
1214 3960 1262 4006 Β
1296 3959 1331 4016 (i
1365 3973 1423 4007 ex
1455 3963 1498 4017 e)
1595 3959 1655 4005 27
1688 3957 1988 4019 praedicatur
2018 3957 2067 4004 B
2098 3960 2142 4020 (r
2166 3972 2245 4018 pr.
2278 3972 2315 4006 s.
2348 3957 2418 4017 u.)
