4242 4694
1059 534 1174 603 274
1887 529 2226 579 Ambrosii

1057 718 1165 760 non
1204 701 1462 760 inmerito
1503 701 1689 768 flebat,
1731 701 1987 775 quoniam
2030 705 2346 757 uersaretur
2376 700 2431 757 in
2464 700 2643 768 terrie,
2678 702 2771 759 cui
2803 703 3054 761 caelestia

1055 795 1411 854 tabernacula
1472 796 1802 854 deberentur
1863 799 1921 852 et
1984 812 2147 869 quem
2216 796 2375 852 aulae
2436 795 2685 868 potentis
2750 801 3055 871 expectaret

1054 889 1335 948 introitus.
1376 888 1613 964 deniqne
1652 889 1806 947 illam
1850 890 2027 947 solam
2069 890 2325 947 omnibus
2364 890 2521 963 regni
2555 891 2643 947 sui
2676 891 2881 964 opibus
2912 909 3052 967 prae·

1054 983 1284 1053 ferebat,
1317 983 1469 1042 sicut
1498 985 1621 1059 ipse
1651 983 1988 1042 testificatus
2022 986 2111 1040 est
2149 982 2282 1041 alibi
2322 982 2545 1042 dicens:
2588 1002 2790 1044 unam
2830 987 3055 1061 petiui

1056 1094 1091 1136 a
1145 1077 1445 1147 domino,
1502 1078 1677 1135 hanc
1733 1076 2108 1150 requiram,
2166 1079 2243 1133 ut
2297 1076 2688 1136 inhabitem
2744 1081 2814 1138 in
2864 1082 3110 1140 domos

1056 1171 1326 1230 domini
1400 1188 1637 1229 omnes
1710 1171 1863 1228 dies
1934 1171 2131 1228 uitae
2213 1187 2400 1228 meae
2480 1177 2548 1230 et
2625 1177 2704 1231 ut
2781 1175 3053 1235 uideam
3118 1182 3140 1232 Ι

1058 1265 1626 1324 delectationem
1669 1265 1950 1323 domini.
1993 1265 2286 1322 delectatio
2328 1265 2538 1324 domini
2577 1267 2634 1324 in
2677 1268 2920 1328 ecclesia
2958 1277 3054 1328 est.

1058 1359 1299 1418 ecclesia
1337 1361 1428 1418 est
1463 1360 1651 1434 imago
1693 1360 2052 1427 caelestium;
2096 1360 2299 1417 etenim
2338 1363 2636 1435 postquam
2675 1363 2877 1421 umbra
2914 1381 3056 1438 prae·

1057 1453 1230 1523 teriit,
1285 1453 1472 1529 imago
1522 1453 1815 1512 successit.
1865 1453 2061 1510 umbra
2109 1470 2396 1528 synagoga
2442 1457 2562 1512 est:
2610 1455 2665 1513 in
2715 1457 2919 1514 umbra
2961 1459 3057 1523 lex,

1060 1549 1116 1606 in
1157 1547 1447 1622 euangelio
1488 1547 1718 1605 ueritas.
1758 1546 1885 1605 ideo
1925 1546 1982 1603 in
2026 1545 2302 1621 euangelii
2341 1548 2551 1605 lumine
2591 1550 2848 1609 ueritatis
2879 1552 3058 1627 imago
3081 1571 3111 1605 u

1059 1640 1392 1717 resplendet.
1455 1641 1627 1700 flebat
1686 1641 1862 1716 igitur
1922 1642 2193 1714 propheta
2255 1641 2385 1714 quia
2448 1643 2847 1703 differebantur
2907 1648 3059 1721 plena

1060 1736 1241 1812 gratia
1276 1735 1419 1794 bona
1452 1739 1508 1793 et
1544 1735 1745 1793 referta
1785 1735 2050 1793 laetitiae.

903 1836 1059 1910 8‚10
1139 1830 1980 1903 Deniqueetinposterioribus
2010 1826 3058 1904 dicit:heumequodincolatus
3129 1832 3151 1882 ἲ

953 2591 1022 2649 11

1060 1941 1253 1983 meus
1310 1923 1784 1999 prolongatus
1843 1927 1979 1981 est!
2039 1927 2098 1981 et
2150 1923 2274 1983 ideo
2322 1924 2715 1999 interpellabat
2761 1926 3062 1995 dominum,

1062 2019 1196 2093 quia
1250 2018 1320 2076 ad
1372 2018 1603 2077 meliora
1656 2018 2002 2093 properabat.
2059 2018 2115 2075 iu
2171 2018 2311 2091 ipsis
2359 2021 2546 2076 tamen
2596 2018 3062 2078 adflictationibua
3085 2040 3114 2077 a

1062 2112 1275 2171 saeculi
1328 2130 1532 2186 magna
1586 2116 1705 2170 erat
1758 2112 2062 2171 consolatio
2111 2113 2503 2187 praesentium,
2552 2130 2681 2186 spes
2729 2112 3063 2174 futurorum.

1065 2206 1189 2280 quis
1238 2206 1384 2264 enim
1432 2225 1540 2266 non
1581 2207 1818 2282 erigeret
1856 2207 2123 2276 animum,
2164 2208 2259 2281 qui
2299 2212 2494 2279 posset
2533 2222 2753 2280 sperare
2794 2207 2855 2264 in
2895 2210 3067 2268 taber-

1065 2300 1263 2359 naculo
1320 2300 1550 2360 caelesti
1603 2301 1770 2358 beata
1821 2300 1919 2357 illa
1967 2301 2076 2359 sibi
2124 2301 2401 2359 consortia
2446 2301 2756 2358 reseruari?
2799 2303 2902 2361 sed
2944 2305 3067 2377 quia
3102 2300 3150 2354 Β

1064 2394 1311 2453 infirmae
1359 2394 1666 2453 condicioni
1713 2395 2038 2468 plerumque
2085 2396 2273 2452 futura
2321 2396 2505 2453 taedio
2555 2401 2705 2464 sunt,
2755 2399 3066 2470 praesentia

1066 2488 1363 2557 uexationi‚
1425 2490 1550 2548 ideo
1616 2495 1673 2547 et
1736 2489 1912 2546 sancti
1978 2491 2276 2563 prophetae
2338 2491 2760 2563 insurgentibus
2831 2493 3115 2569 corporisn

1065 2582 1331 2642 fluctibus
1397 2584 1580 2642 anima
1642 2585 1988 2642 turbabatur.
2044 2585 2170 2641 nolo
2228 2585 2372 2641 enim
2431 2585 2645 2643 mireris
2703 2587 2752 2643 si
2808 2589 3054 2662 propbeta

1066 2677 1307 2737 animam
1350 2694 1509 2735 suam
1551 2678 1689 2736 dicit
1730 2696 1852 2736 esse
1886 2679 2236 2753 exagitatam,
2270 2695 2399 2736 cum
2432 2679 2628 2737 dixerit
2657 2680 2781 2752 ipse
2816 2682 3045 2740 dominus

1066 2772 1262 2831 Iesus:
1310 2789 1485 2829 nunc
1534 2772 1764 2829 anima
1806 2790 1950 2830 mea
1992 2773 2286 2829 turbata
2328 2776 2455 2830 est.
2498 2774 2593 2846 qui
2635 2775 2781 2830 enim
2828 2771 3048 2848 suscepit

1066 2868 1286 2923 nostras
1325 2865 1674 2923 infirmitates
1715 2873 1965 2922 nostrum
2009 2883 2227 2939 quoque
2269 2868 2521 2940 suscepit-
2560 2868 2844 2937 affectum,
2879 2870 2933 2927 in
2964 2881 3054 2942 quo

1223 3066 1255 3113 4
1286 3065 1463 3113 Psalm.
1493 3064 1648 3113 xxvl
1677 3064 1709 3112 4
1919 3064 1948 3113 8
1982 3065 2123 3113 Hebr.
2162 3064 2234 3122 10,
2272 3068 2293 3114 1
2332 3065 2430 3114 Col
2466 3068 2508 3114 2.
2548 3068 2602 3113 17
2807 3069 2867 3117 13
2899 3067 3062 3116 Psalm.

1069 3144 1295 3193 cxvun
1327 3148 1357 3193 5
1452 3144 1514 3193 23
1546 3143 1648 3192 Ioh.
1685 3144 1761 3200 12,
1794 3144 1852 3192 27

1137 3287 1158 3335 1
1197 3286 1443 3348 quoniam]
1476 3285 1712 3348 quomodo
1746 3284 1857 3333 ΒΡ
2001 3290 2270 3334 uersaretur
2300 3287 2348 3334 P
2377 3288 2444 3349 (re
2476 3303 2513 3335 s.
2548 3291 2617 3335 uf·
2729 3288 2757 3336 3
2794 3289 2868 3336 sui
2901 3303 2990 3337 om.
3022 3286 3069 3336 D

1134 3365 1303 3426 opibus
1337 3364 1384 3411 Β
1416 3364 1637 3425 operibus
1671 3368 1756 3412 cet.
1914 3366 1944 3411 4
1977 3367 2096 3426 petii
2130 3365 2238 3412 ΒΡ
2395 3368 2424 3414 6
2462 3366 2681 3414 omnibus
2715 3367 2883 3414 diebus
2916 3365 3066 3415 BDP'

1075 3443 1102 3491 7
1135 3443 1432 3490 uoluntatem
1464 3441 1576 3504 (del.
1610 3439 1688 3489 m1
1716 3446 1762 3489 et
1792 3456 1830 3490 ε.
1864 3456 1952 3490 scr.
1988 3443 2370 3501 delectationem)
2406 3443 2454 3491 Β
2578 3442 2777 3506 domini]
2811 3446 2937 3492 enim
2964 3443 3069 3493 DP'

1073 3522 1103 3568 9
1136 3523 1364 3575 suscessit
1394 3521 1444 3568 P
1472 3524 1515 3580 (c
1545 3534 1584 3568 a.
1619 3525 1660 3577 s)
1791 3522 2022 3582 sinagoga
2053 3522 2147 3568 PB
2244 3525 2298 3569 ll
2337 3523 2607 3584 resplendet
2639 3524 2687 3569 P
2716 3525 2787 3585 (et
2817 3539 2878 3571 ea:
2910 3525 2968 3578 it)
3003 3538 3068 3570 re·
3135 3542 3151 3550 -

1073 3598 1232 3661 fulget
1263 3599 1311 3647 Β
1452 3597 1802 3646 defferebantur
1831 3599 1879 3646 P
1992 3602 2048 3646 12
2081 3602 2263 3661 gratiae
2295 3601 2391 3648 ΒΟ
2527 3601 2650 3648 ferta
2685 3602 2759 3658 (in
2789 3616 2877 3663 my.
2912 3606 2996 3650 ²1⁸2
3024 3602 3067 3649 al

1075 3679 1269 3736 referta)
1301 3678 1350 3725 Β
1482 3679 1670 3726 laetitia
1701 3678 1814 3727 ΒΡ
1932 3680 1987 3726 13
2022 3678 2148 3741 quod
2179 3679 2274 3726 PC
2302 3681 2409 3742 quia
2444 3685 2527 3728 cet.
2644 3682 2702 3728 15
2736 3680 3072 3728 afflictionibus
3141 3691 3151 3713 ⁴·

1074 3757 1183 3805 ΒΡ
1297 3759 1352 3805 17
1388 3759 1545 3806 anima
1577 3759 1625 3806 B
1765 3759 1919 3820 possit-
1947 3758 2107 3806 PDP‘
2221 3759 2277 3806 18
2312 3774 2548 3806 reseruare
2583 3760 2740 3808 PDP¹
2847 3762 2908 3808 19
2942 3776 3070 3822 prae·
3148 3780 3150 3782 ·

1077 3837 1201 3884 senti
1235 3836 1283 3883 Β
1376 3836 1437 3884 20
1471 3837 1712 3885 uexationi
1742 3837 1804 3885 Ρ
1835 3838 1909 3900 (in
1939 3843 2062 3896 ras.)
2097 3839 2346 3885 uexatione
2379 3839 2427 3885 Β
2459 3840 2684 3885 ueratiori
2717 3839 2789 3899 (in
2817 3853 2905 3901 ¹²²9·
2933 3854 3070 3887 uene-

1076 3915 1269 3972 rationi)
1298 3915 1349 3963 D
1444 3917 1503 3964 22
1538 3931 1668 3963 suam
1702 3931 1792 3965 om.
1817 3916 1865 3963 Β
1898 3916 1973 3973 (in
2005 3932 2082 3976 my
2120 3919 2203 3964 m2
2235 3917 2286 3964 al
2318 3919 2520 3964 animam
2555 3924 2705 3974 suam)
2805 3918 2864 3965 23
2899 3920 3004 3981 quis
3029 3918 3072 3965 Β
3142 3914 3151 3925 “

1080 3996 1121 4050 (s
1153 3996 1298 4050 eras.)
1427 3994 1626 4046 suscipit
1659 3994 1706 4040 P
1736 3996 1872 4054 (corr.
1908 3998 2008 4051 m2)
2043 3995 2091 4041 Β
2185 3996 2245 4042 24
2279 3996 2578 4042 infirmitates
2614 4002 2799 4043 nostras
2832 3995 2880 4041 Β
