4242 4694
1097 607 1212 664 530
1919 601 2266 649 Ambrosii

1096 781 1219 837 tum
1268 779 1503 837 reddes’.
1560 777 1932 851 praetendunt
1970 778 2181 836 alienos
2222 777 2426 836 fundos
2468 777 2840 849 adulescenti,
2883 785 2951 839 ut
2991 798 3110 839 eum

1096 873 1342 947 spolient
1391 874 1537 930 suis:
1595 873 1834 931 tendunt
1878 873 2035 941 retia,
2086 874 2257 931 simul
2297 876 2362 930 ut
2400 874 2662 949 indagine
2704 875 2894 932 cincta
2935 878 3110 951 spatia

1097 966 1264 1023 fuerit
1327 966 1637 1041 ingressus,
1705 969 1915 1042 cogunt
1978 983 2105 1023 eum
2167 966 2224 1022 in
2281 966 2423 1024 retia
2478 967 2821 1038 cautionum,
2878 970 3111 1044 laqueos

1094 1077 1417 1127 usurarum
1475 1064 1676 1136 petunt
1722 1060 1955 1136 obligari
2005 1059 2114 1118 sibi
2163 1061 2377 1118 auitum
2418 1061 2777 1133 praetorium,
2820 1066 3111 1136 paternum

1100 1154 1476 1228 sepulchrum.
1518 1154 1912 1229 praestituitur
1951 1154 2069 1211 dies
2112 1154 2396 1224 solutioni,
2439 1154 2836 1214 dissimulatur
2873 1174 3111 1217 conuen-
3152 1176 3172 1209 ε

1098 1250 1197 1318 tio,
1240 1250 1460 1322 quando
1500 1252 1690 1322 potest
1731 1249 1939 1306 solutio
1980 1249 2262 1307 sustineri.
2303 1249 2402 1306 ubi
2442 1250 2581 1307 satis
2623 1265 2890 1310 securum
2932 1253 3111 1310 reddi·
3203 1264 3230 1312 Β

1101 1343 1297 1413 derint,
1370 1346 1593 1418 repente
1656 1344 1923 1418 ingruunt
1986 1345 2043 1401 et
2106 1343 2319 1400 instant
2379 1343 2791 1415 uehementius,
2857 1347 3113 1405 causanti

1096 1437 1430 1495 incumbunt
1476 1438 1748 1496 dicentes:
1807 1440 1890 1494 ‘tu
1945 1436 2200 1511 possides
2257 1440 2357 1495 tua
2409 1438 2651 1511 praedia,
2699 1456 2805 1497 nos
2861 1443 3112 1498 nostram

1098 1532 1392 1605 pecuniam
1447 1549 1554 1591 non
1611 1532 1908 1589 habemus:
1968 1547 2163 1588 surum
2222 1531 2497 1601 dedimus,
2552 1531 2768 1607 lignum
2823 1536 3111 1593 tenemus:

1099 1625 1204 1682 tibi
1266 1625 1554 1683 fructuum
1619 1626 1996 1684 emolumenta
2058 1625 2381 1698 procedunt,
2432 1625 2593 1683 nobis
2641 1625 2783 1685 nihil
2841 1629 3117 1687 accrescit
3144 1652 3180 1683 ιο

1100 1720 1384 1793 pecuniae.
1463 1720 1644 1777 otiosa
1710 1720 1960 1777 causatio
2025 1721 2137 1777 est=
2207 1718 2408 1777 saltem
2468 1724 2771 1778 renouetur
2832 1722 3114 1797 chirogra-

1100 1814 1309 1887 phum’.

946 1907 1003 1981 ¹2,
1023 1908 1097 1963 25
1177 1908 1376 1981 Itaque
1416 1908 1548 1965 dum
1589 1909 1771 1981 primo
1812 1908 2140 1967 adulescens
2180 1907 2322 1965 nihil
2369 1910 2533 1982 putat
2578 1910 2647 1965 de
2687 1909 2953 1967 uestibus
2999 1910 3113 1967 suis
3210 1920 3230 1971 (

1101 2004 1199 2059 aut
1231 2003 1399 2061 etiam
1431 2002 1883 2076 possessionibus
1914 2019 2037 2061 esse
2070 2001 2422 2061 uendendum
2455 2004 2554 2061 sut
2585 2002 2656 2060 ad
2687 2001 2826 2061 haec
2860 2004 3115 2062 facienda

1101 2096 1285 2170 poscit
1324 2096 1671 2166 dilationem,
1705 2114 1878 2156 usura
1915 2097 2302 2171 eadplicautur
2340 2096 2410 2154 ad
2449 2099 2674 2164 sortem,
2716 2097 3114 2156 adcumuletur
3143 2119 3178 2154 ιε

1103 2190 1427 2247 centesima.
1469 2189 1580 2247 iam
1623 2190 1899 2266 suspirare
1939 2191 2153 2265 incipit,
2193 2191 2303 2248 ism
2345 2190 2556 2269 malum
2590 2207 2757 2248 suum
2792 2207 3112 2266 agnoscere.

1104 2284 1192 2341 die
1233 2300 1298 2342 ac
1336 2289 1500 2342 nocte
1539 2302 1769 2342 usuram
1802 2285 2030 2361 cogitat,
2064 2284 2333 2359 quicquid
2364 2284 2679 2354 occurrerit,
2710 2284 3112 2344 faeneratorem
3201 2290 3230 2338 n

1106 2381 1284 2452 putat,
1349 2378 1618 2453 quicquid
1684 2380 1979 2452 crepuerit,
2044 2396 2240 2437 uocem
2305 2378 2413 2437 sibi
2468 2378 2696 2437 uidetur
2748 2378 3113 2437 faeneratoris

1106 2473 1318 2530 audire.
1372 2473 1420 2531 si
1469 2473 1662 2541 habes,
1711 2491 1810 2531 cur
1857 2491 1963 2532 uon
2013 2474 2229 2532 soluis?
2281 2473 2330 2530 si
2377 2491 2484 2531 non
2527 2473 2717 2542 habes,
2759 2489 2866 2531 cur
2903 2474 3112 2531 malum

1105 2567 1253 2623 malo
1294 2565 1551 2641 adiungis
1594 2571 1651 2624 et
1697 2568 1764 2625 de
1814 2569 2043 2625 uulnere
2092 2567 2310 2641 quaeris
2358 2567 2700 2625 remedium?
2758 2583 2862 2623 cur
2911 2567 3178 2625 cotidieto

1107 2657 1453 2718 obsidionem
1493 2663 1697 2734 pateris
1746 2661 2121 2730 faeneratoris,
2178 2661 2638 2736 expugnationem
2687 2660 2900 2718 times?
2948 2666 3113 2719 uetus

1106 2754 1383 2812 sententia
1407 2760 1516 2812 est:
1554 2755 2037 2814 faeneratoris
2072 2756 2141 2811 et
2172 2754 2530 2812 debitoris
2565 2754 2708 2811 sibi
2742 2769 3114 2812 occurren·

1106 2849 1285 2906 tium
1349 2853 1813 2923 prospectum
1879 2849 2234 2906 amborum
2299 2848 2482 2906 facit
2553 2848 2901 2906 dominus.
2981 2850 3116 2907 alter

1263 3127 1325 3175 22
1359 3126 1582 3175 Prouerb.
1616 3127 1692 3183 29,
1730 3127 1787 3174 13
1819 3125 1930 3174 Bas,
1963 3125 2057 3173 269
2090 3124 2130 3171 A
2164 3123 2278 3185 (108
2310 3123 2368 3183 Ε)

1176 3286 1196 3332 l
1234 3281 1407 3331 fundos
1441 3281 1622 3330 alienos
1657 3281 1756 3328 BT
1846 3279 2015 3328 fundos
2049 3284 2097 3337 (v
2129 3294 2166 3328 ε.
2200 3294 2230 3327 a
2259 3282 2362 3337 m2)
2403 3278 2451 3325 V
2538 3276 2824 3326 adulisceuti
2859 3279 2908 3327 P
2980 3280 3011 3328 2
3044 3295 3114 3327 ex·

1109 3363 1294 3424 polient
1324 3360 1379 3409 D
1409 3365 1453 3408 et
1485 3360 1596 3423 (om.
1631 3360 1751 3421 suis)
1783 3360 1842 3408 P‘
1927 3360 1958 3407 3
1992 3373 2099 3406 eum
2130 3372 2222 3405 om.
2245 3356 2341 3404 ΒΤ
2425 3358 2453 3405 5
2487 3355 2753 3419 sepulcrum
2796 3355 2894 3405 VD
2994 3358 3114 3405 solu·

1108 3441 1229 3488 tioni
1272 3438 1495 3497 sustineri
1542 3439 1785 3498 (sustineri
1826 3453 1928 3498 cap.
1970 3439 2069 3497 m2)
2122 3436 2163 3482 V
2201 3437 2276 3498 (in
2314 3450 2409 3498 quo
2449 3434 3114 3485 dissimulatur...sustineri

1107 3521 1249 3580 infra
1279 3520 1334 3566 in
1365 3534 1453 3581 my.
1489 3521 1588 3578 ΜΞ)
1687 3519 1715 3566 6
1749 3524 1941 3565 securus
1976 3518 2019 3573 (s
2053 3516 2138 3564 alt.
2171 3519 2314 3571 eras.)
2350 3514 2398 3561 Β
2494 3516 2521 3563 7
2555 3513 2740 3560 instant
2783 3512 2946 3561 VDP‘
2980 3519 3024 3563 et
3052 3518 3114 3575 (et

1108 3603 1218 3656 om.)
1259 3598 1300 3646 C
1327 3600 1460 3645 stant
1483 3596 1628 3646 PBT
1720 3595 2026 3642 uehementer
2058 3594 2174 3652 (tius
2206 3608 2243 3643 s.
2271 3597 2346 3641 ter
2368 3596 2469 3652 m2)
2506 3593 2550 3641 V
2613 3591 2665 3639 11
2704 3593 2867 3640 cautio
2893 3592 2947 3639 Β
2977 3593 3038 3655 (ti
3064 3593 3114 3640 in

1106 3677 1228 3738 ras.)
1269 3676 1363 3723 VT
1454 3674 1771 3736 chirografum
1798 3673 1898 3720 PV
1924 3672 2254 3734 cirographum
2283 3672 2328 3719 T
2358 3670 2652 3734 cyrografum
2688 3669 2736 3717 Β
2768 3670 3111 3734 cyrographum

1109 3761 1191 3803 cet.
1294 3756 1349 3802 13
1383 3756 1585 3815 primum
1619 3752 1780 3807 BDT,
1815 3766 1903 3800 om.
1938 3750 1996 3798 P‘
2095 3750 2362 3798 aduliscens
2386 3750 2434 3798 P
2524 3749 2668 3798 nichil
2697 3747 2985 3798 adolescens
3007 3748 3112 3798 DP'

1112 3834 1168 3880 14
1204 3831 1489 3879 uindendum
1523 3831 1571 3879 P
1695 3834 1780 3877 sut
1810 3828 2082 3879 om.1)P¹C
2204 3828 2264 3877 ad
2295 3843 2386 3877 om.
2414 3829 2460 3876 P
2555 3828 2611 3877 16
2645 3827 2902 3875 centisims.
2935 3828 2985 3875 P
3010 3841 3107 3875 een-

1109 3911 1313 3958 tensima
1354 3910 1399 3957 V
1487 3908 1848 3957 accumulantur
1870 3911 2041 3966 (antur
2072 3922 2130 3955 ex
2162 3911 2273 3954 ante
2307 3908 2385 3965 P‘)
2417 3906 2703 3955 centesimae
2726 3903 2846 3952 DP¹
2902 3907 2974 3954 ’17
3007 3917 3105 3952 oeu-

1109 3991 1223 4037 rerit
1256 3990 1302 4036 P
1410 3990 1466 4036 18
1499 3988 1789 4050 increpuerit
1831 3987 1872 4031 V
1994 3986 2313 4034 faeneratores
2348 3985 2394 4031 P
2498 3985 2562 4032 22
2582 3988 2699 4045 post
2730 3981 2970 4032 debitoris
3001 3980 3103 4031 odd.

1103 4067 1309 4117 inuicem
1353 4067 1492 4116 VBT
