4242 4694
1133 500 1245 555 ,502
1956 496 2294 544 Ambrosii

1135 671 1269 744 qnid
1326 670 1492 727 etiam
1549 671 1644 727 illa
1691 670 1974 743 replicem,
2024 669 2171 742 quod
2217 669 2274 726 in
2324 668 2472 726 omni
2520 668 2752 726 infirmo
2807 667 3047 726 fleuisse
3095 684 3145 724 se

1135 764 1274 823 dicit
1329 767 1389 823 et
1440 764 1799 840 ingemuisse,
1852 780 1978 822 cum
2038 764 2255 821 uideret
2307 763 2490 821 uirum
2550 762 2608 820 in
2666 762 3045 830 necessitate,
3092 779 3140 819 se

1133 865 1321 917 autem
1367 859 1423 917 in
1480 859 1659 928 bonis,
1722 859 1820 916 sed
1866 861 2001 917 tunc
2056 858 2164 917 sibi
2210 857 2392 932 magis
2440 857 2617 916 fuisse
2664 857 2795 916 dies
2852 856 3135 922 malorum,
3201 913 3204 916 Δ

1137 971 1265 1012 cum
1323 970 1383 1012 se
1437 954 1638 1012 habere
1685 956 1933 1012 cerneret
1977 956 2037 1020 et
2081 954 2222 1012 alios
2270 953 2554 1028 indigere?
2595 953 2645 1011 si
2695 952 2809 1011 hoc
2851 952 2957 1010 ille
2998 951 3133 1019 dicit,

1137 1048 1234 1122 qui
1282 1043 1585 1122 numquam
1633 1048 1838 1107 uiduae
1885 1048 2020 1106 feeit
2066 1048 2293 1106 oculum
2339 1046 2641 1115 tabescere,
2686 1046 2787 1120 qui
2841 1061 3179 1120 numquams

1139 1143 1293 1201 solus
1334 1158 1530 1216 panem
1572 1158 1738 1198 suum
1777 1141 2137 1200 manducauit
2175 1144 2234 1199 et
2266 1158 2372 1200 uon
2409 1140 2650 1214 orphano
2684 1139 2948 1208 tradidit,
2983 1156 3127 1215 quem

1139 1257 1173 1296 a
1224 1237 1520 1296 iuuentute
1572 1253 1676 1295 sua
1730 1236 1969 1294 nutriuit
2016 1236 2158 1294 aluit
2203 1236 2454 1295 instituit
2489 1235 2737 1308 parentis
2779 1234 3008 1305 affectu,
3047 1234 3127 1307 qui

1136 1348 1440 1405 numquam
1482 1330 1692 1388 nudum
1732 1331 2000 1405 despexit,
2042 1330 2138 1404 qui
2176 1331 2503 1388 morientem
2545 1329 2783 1402 operuit,
2829 1329 2932 1402 qui
2980 1329 3122 1386 uelle-

1136 1425 1293 1484 ribus
1325 1425 1516 1484 ouium
1551 1442 1775 1483 suarum
1806 1425 2149 1484 infirmorum
2181 1425 2435 1483 calefecit
2460 1441 2702 1491 umeros,
2728 1439 2840 1481 non
2869 1422 3122 1498 oppressit

1139 1520 1415 1595 pupillum
1474 1536 1773 1595 numquam
1823 1520 2039 1578 diuitiis
2089 1520 2395 1578 delectatus
2447 1523 2553 1589 est,
2599 1535 2912 1593 numquam
2959 1520 3119 1593 gratu·
3138 1534 3167 1568 ι·

1137 1615 1289 1673 latus
1347 1618 1435 1672 est
1493 1616 1656 1688 lapsu
1718 1615 2068 1673 inimicorum
2125 1611 2372 1682 suorum,
2430 1614 2478 1673 si
2533 1614 2627 1688 qui
2680 1612 2824 1671 fecit
2880 1613 3016 1671 haec
3064 1599 3117 1668 de
3164 1616 3205 1672 51

1141 1709 1376 1767 summis
1416 1709 1603 1783 coepit
1640 1726 1802 1783 egere
1842 1708 2075 1777 diuitiis,
2116 1709 2166 1767 si
2204 1708 2345 1766 nihil
2382 1725 2445 1765 ex
2475 1708 2808 1781 patrimonio
2843 1712 3002 1766 tanto
3030 1706 3117 1764 uisi

1142 1805 1325 1862 solum
1372 1803 1617 1861 fructum
1665 1803 2074 1861 misericordiae
2121 1802 2443 1878 reportauit‚
2484 1802 2619 1876 quid
2665 1800 2735 1858 de
2782 1805 2844 1859 te
2895 1803 3118 1860 futurum

1143 1901 1246 1963 est,
1281 1898 1374 1971 qui
1413 1900 1513 1955 tuo
1555 1898 1738 1956 nescis
1779 1899 1864 1955 uti
1898 1896 2247 1970 patrimonio,
2282 1899 2378 1970 qui
2409 1896 2464 1954 in
2498 1895 2735 1954 summis
2770 1895 2993 1955 diuitiis
3023 1895 3118 1952 dies

1142 1993 1384 2049 sustines
1425 1992 1818 2060 mendicitatis,
1859 1992 1992 2066 quia
2029 1991 2171 2050 nulli
2209 1991 2448 2066 largiris,
2491 1990 2630 2048 nulli
2669 1989 2984 2048 subuenis?
3138 2000 3166 2039 β

950 2080 1047 2156 14,
1068 2084 1141 2141 58
1221 2085 1426 2143 Custos
1466 2087 1597 2160 ergo
1630 2089 1852 2144 tuarum
1886 2103 1965 2155 es,
1997 2102 2105 2143 non
2140 2085 2397 2143 dominus
2429 2085 2778 2153 facultatum,
2814 2082 2923 2157 qui
2953 2100 3116 2142 aurum
3174 2086 3199 2137 1

1144 2182 1319 2238 terrae
1364 2179 1620 2247 ‘infodi8‚,
1653 2180 1905 2238 minister
1957 2181 2151 2253 utique
2207 2180 2346 2248 eius,
2405 2197 2509 2238 non
2567 2178 2788 2237 arbiter.
2863 2179 2969 2238 sed
3024 2176 3115 2235 ubi

1144 2272 1579 2331 thensaurus
1621 2277 1808 2342 tuus,
1842 2273 1943 2331 ibi
1985 2276 2052 2331 et
2091 2291 2209 2331 cor
2246 2276 2462 2332 tuum.
2496 2290 2627 2348 ergo
2659 2272 2714 2330 in
2749 2272 2852 2330 illo
2892 2287 3117 2332 aurocor

1145 2370 1306 2425 tuum
1360 2371 1537 2426 terrae
1593 2366 1859 2426 infodisti.
1920 2367 2095 2426 uende
2139 2367 2329 2441 potius
2382 2384 2577 2426 aurum
2619 2371 2676 2425 et
2715 2384 2841 2425 eme
2887 2371 3103 2431 salum.

1148 2591 1183 2641 C
1305 2516 1325 2564 1
1363 2514 1448 2564 Iob
1482 2515 1558 2572 30,
1591 2515 1775 2563 25—27
1872 2516 1900 2563 5
1932 2513 2019 2562 Iob
2053 2515 2130 2572 31,
2169 2515 2225 2564 16
2258 2530 2327 2577 sq.
2424 2503 2492 2563 '17
2527 2514 2697 2563 matth.
2730 2515 2776 2572 e,
2809 2515 2874 2563 21
2914 2512 3101 2564 Basa

1219 2594 1299 2650 (54
1331 2593 1417 2652 Β)-

1212 2690 1232 2735 1
1284 2687 1504 2750 replicem
1538 2688 1586 2735 P
1620 2693 1830 2750 repetam
1870 2693 1954 2736 cet.
2111 2690 2140 2736 2
2190 2687 2306 2736 dicit
2338 2688 2436 2735 PT
2471 2693 2515 2735 et
2553 2686 2697 2734 man
2737 2687 2864 2735 dixit
2896 2689 3035 2736 Bau
3060 2689 3120 2734 efl-

1211 2767 1495 2828 ingemnisse
1528 2782 1578 2815 se
1617 2766 1721 2814 ΟΝ
1849 2766 2033 2815 uideret
2066 2769 2136 2825 (et
2165 2781 2224 2814 ex
2255 2768 2293 2815 it
2325 2766 2426 2827 m2)
2456 2768 2505 2814 B
2611 2768 2640 2815 3
2672 2767 2825 2827 magis
2863 2769 2963 2816 sibi
2990 2765 3123 2819 ΗΒΑ.

1148 2846 1300 2906 magis
1332 2858 1421 2893 om.
1464 2845 1509 2892 V
1532 2847 1660 2907 (poet
1692 2844 1794 2894 dies
1827 2846 1941 2894 add.
1974 2860 2011 2893 a.
2045 2860 2093 2893 u.
2127 2849 2245 2904 ΜΒ),
2275 2859 2313 2892 ε.
2346 2861 2395 2896 u.
2428 2846 2496 2906 D,
2528 2845 2620 2893 sibi
2652 2859 2744 2892 om.
2776 2845 2840 2892 Ρ*
2987 2846 3018 2892 4
3047 2857 3125 2891 eeu

1145 2924 1273 2971 uerit
1301 2923 1350 2971 P
1474 2928 1524 2972 ct
1554 2938 1643 2973 om.
1681 2923 1787 2971 C'N‘
1910 2923 2149 2986 indigeret
2169 2923 2218 2971 P
2342 2926 2402 2986 si]
2429 2923 2513 2972 sed
2536 2923 2747 2973 RAP‘T
2768 2929 2812 2972 et
2839 2924 2905 2982 (si
2931 2928 3066 2980 corr.)
3086 2919 3127 2968 D

1149 3004 1177 3050 5
1210 3002 1394 3049 oculum
1425 3001 1542 3050 fecit
1563 3001 1790 3050 RCB¹N‘
1822 3002 1981 3050 oculos
2005 3001 2122 3050 fecit
2153 3002 2199 3049 V
2217 3002 2404 3052 oculum
2429 3003 2547 3051 facit
2568 3002 2665 3049 BA
2789 3002 3029 3050 tabiscere
3048 2999 3128 3048 BA

1149 3081 1178 3128 6
1211 3080 1339 3128 solus
1364 3094 1531 3141 panem
1563 3095 1699 3128 suum
1728 3080 1939 3129 PP¹TD
1970 3095 2138 3143 panem
2169 3095 2306 3129 suum
2337 3081 2466 3129 solus
2498 3087 2582 3130 cet.
2705 3080 3022 3130 manducauit
3053 3077 3131 3138 (uit

1148 3174 1207 3209 ex
1236 3163 1312 3209 ret
1341 3160 1460 3223 πθ),
1491 3172 1581 3208 om.
1616 3163 1666 3207 et
1706 3158 1750 3206 V
1918 3159 2127 3221 orphano
2160 3159 2319 3210 u‘E'D
2351 3160 2515 3208 orfauo
2548 3166 2632 3208 cet.
2783 3160 2810 3207 7
2845 3159 3071 3208 instatuit
3095 3154 3134 3203 P

1212 3239 1385 3288 affectu
1419 3242 1469 3287 et
1499 3239 1585 3289 ret.
1620 3241 1730 3296 (om.
1765 3239 1847 3300 qui
1878 3252 2226 3299 numquam...
2244 3239 2434 3301 operuit
2464 3238 2564 3302 qui)
2594 3237 2710 3287 nudi
2744 3239 2905 3300 operti
2930 3237 3133 3288 etuelle·

1150 3319 1277 3366 ribus
1319 3333 1361 3366 o.
1396 3332 1432 3365 s.
1466 3316 1764 3366 humerorum
1808 3316 2144 3365 calefactorum
2185 3320 2293 3376 (om.
2328 3317 2546 3365 humeros
2563 3358 2575 3369 .
2597 3355 2606 3365 .
2628 3353 2640 3365 .
2657 3315 2937 3380 gratulatus
2976 3317 3067 3377 cat)
3094 3317 3136 3362 et

1151 3395 1278 3458 quod
1319 3396 1396 3444 his
1436 3397 1587 3444 maius
1629 3397 1702 3442 est
1741 3395 1867 3457 quod
1906 3410 2000 3443 non
2040 3395 2177 3457 lapsu
2215 3396 2508 3445 inimicorum
2550 3411 2739 3444 auorum
2773 3396 2974 3458 gauisus
3005 3397 3076 3444 est
3102 3392 3138 3440 si

1151 3462 1256 3536 quis
1298 3473 1342 3521 V
1472 3475 1503 3522 8
1531 3473 1706 3522 uellere
1739 3474 1802 3520 B‘
1942 3475 1999 3521 10
2033 3478 2107 3522 est
2137 3487 2226 3523 om.
2261 3473 2325 3531 R,
2355 3487 2394 3522 a.
2425 3489 2474 3522 u.
2507 3475 2555 3520 A
2698 3474 2755 3521 11
2789 3472 2934 3535 lapsu
2964 3471 3141 3520 RBAG

1215 3554 1297 3616 qui
1332 3552 1435 3601 GN·
1469 3551 1584 3614 quid
1613 3553 1662 3599 P
1693 3551 1744 3612 (d
1776 3553 1888 3615 del.)
1918 3553 2023 3615 quis
2055 3558 2138 3603 cet.
2236 3554 2295 3601 12
2326 3567 2467 3615 agere
2500 3552 2545 3600 V
2571 3551 2732 3615 egredi
2760 3551 2989 3601 GB‘N'T
3015 3558 3059 3601 et
3089 3554 3137 3609 (a.

1149 3633 1174 3681 Ι
1205 3637 1365 3695 egere)
1396 3632 1448 3680 D
1590 3633 1630 3681 si
1663 3646 1752 3681 om.
1786 3631 1883 3680 ΒΛ
2022 3632 2091 3679 nil
2120 3630 2288 3679 P'DT
2408 3646 2464 3679 ex
2494 3646 2583 3680 om.
2621 3629 2664 3679 0
2781 3634 2977 3680 tantum
3007 3630 3141 3679 ΗΒΑ

1157 3714 1213 3766 13
1245 3713 1397 3762 solum
1430 3726 1520 3761 om.
1561 3710 1606 3758 V
1726 3711 1957 3772 relinquit
1998 3709 2037 3755 V
2167 3709 2226 3759 de
2256 3713 2306 3759 te
2342 3709 2513 3759 CB⁴N¹
2544 3709 2623 3768 (de
2654 3724 2692 3759 a.
2723 3725 2775 3758 u.
2807 3711 2888 3771 W)
2930 3710 3071 3759 VDT
3096 3715 3140 3757 te

1152 3792 1309 3840 RAP‘
1343 3797 1387 3840 et
1418 3795 1563 3853 (exp.)
1597 3792 1660 3847 B,
1694 3805 1782 3839 om.
1815 3790 1865 3838 P
1969 3793 2024 3840 15
2058 3790 2187 3853 quia]
2223 3791 2305 3851 qui
2338 3790 2440 3838 eod.
2472 3804 2591 3837 mm.
2624 3789 2755 3839 Brit.
2786 3789 2909 3852 1309.
2949 3794 2980 3838 5
3010 3789 3062 3837 F
3086 3790 3143 3836 13

1158 3870 1213 3918 16
1249 3883 1298 3917 es
1329 3872 1519 3917 tuarum
1546 3867 1715 3917 UB¹N¹
1811 3868 1867 3916 17
1901 3868 2002 3917 eius
2035 3883 2085 3916 es
2110 3867 2235 3916 B¹P⁴
2361 3868 2540 3916 arbiter
2570 3881 2619 3915 es
2644 3868 2692 3916 Δ
2791 3866 2850 3916 18
2883 3883 2998 3917 auro
3021 3872 3066 3927 (o
3090 3880 3143 3915 a·

1156 3963 1233 3996 um
1266 3947 1367 4009 m3)
1396 3948 1444 3995 P
1537 3948 1593 3996 19
1626 3946 1843 3996 infodisti
1877 3950 1923 4005 (ο
1958 3962 2018 3996 ex
2047 3962 2079 3995 u
2111 3950 2210 4006 m3)
2243 3946 2293 3994 P
2386 3947 2444 3995 19
2473 3960 2541 4009 aq.
2574 3946 2719 3995 uinde
2753 3946 2862 4009 (ter)
2897 3948 2948 3995 P
