4242 4694
1022 508 1137 564 254
1865 506 2206 553 Ambrosii

1027 679 1247 738 Christo
1300 684 1403 737 est.
1455 698 1586 755 ergo
1638 684 1695 737 et
1739 680 1839 738 Iob
1890 684 1946 736 et
1993 680 2194 748 Dauid,
2245 681 2378 753 quia
2423 680 2513 737 hic
2561 680 2833 756 flagellati
2873 685 3011 748 sunt,

1025 775 1436 833 firmamentum
1477 775 1792 832 habuerunt
1830 775 1884 831 in
1926 774 2091 849 plaga
2130 792 2249 842 sua,
2300 775 2431 848 quia
2478 774 2796 849 flagellat
2838 780 3016 848 pater

1022 868 1245 925 filium
1297 886 1482 941 quem
1535 868 1843 942 suscipit,
1894 870 1989 942 qui
2039 872 2225 926 autem
2276 868 2366 925 hic
2404 884 2511 924 non
2553 868 2912 943 flagellantur
2945 868 3019 925 ibi

1022 980 1130 1021 non
1180 963 1564 1036 suscipiuntur
1609 967 1676 1021 ut
1722 964 1842 1020 filii.
1891 963 2126 1036 ideoque
2165 964 2218 1020 in
2261 963 2546 1021 laboribus
2587 963 2881 1020 hominum
2919 980 3019 1021 non
3100 960 3132 1009 l)

1027 1059 1160 1114 sunt
1208 1061 1265 1114 et
1313 1074 1455 1115 cum
1506 1058 1884 1115 hominibus
1938 1074 2059 1115 non
2108 1057 2665 1131 flagellabuntur,
2704 1060 2774 1115 ut
2812 1058 2868 1115 in
2907 1074 3020 1132 per-
3062 1076 3081 1112 s

1023 1156 1255 1226 petuum
1297 1169 1423 1209 cum
1467 1152 1684 1211 diabolo
1724 1153 2088 1227 flagellentur.

869 1242 1024 1315 4,10
1106 1246 1263 1304 Ideo
1323 1247 1622 1320 optinuit
1675 1247 1860 1320 inquit
1914 1263 2027 1304 cos
2078 1246 2390 1321 superbia
2438 1264 2675 1315 eorum,
2726 1245 3025 1319 cooperti
3105 1242 3135 1292 B

925 2849 990 2904 11

1029 1345 1185 1398 sunt
1240 1341 1603 1414 iniquitate
1661 1345 1725 1397 et
1778 1341 2122 1414 impietate
2181 1357 2313 1397 sua.
2366 1342 2573 1397 malum
2623 1340 3024 1398 uestimentum

1029 1436 1314 1508 iniquitas,
1356 1435 1502 1508 quod
1546 1435 1592 1491 si
1635 1435 1730 1507 qui
1770 1435 2016 1492 uoluerit
2053 1436 2107 1492 in
2150 1435 2312 1492 nobis
2351 1437 2556 1504 tenere,
2595 1435 2886 1492 remittere
2927 1424 3025 1491 nos

1031 1533 1267 1603 oportet,
1318 1548 1385 1587 ne
1435 1529 1666 1602 incipiat
1709 1531 1764 1587 in
1814 1529 2083 1587 iudicium
2131 1529 2322 1587 uenire
2369 1528 2677 1587 nobiscum.
2728 1531 2788 1586 et
2834 1528 2883 1586 si
2933 1528 3028 1601 qui
3054 1550 3091 1585 ιο

1029 1624 1277 1681 tunicam
1319 1626 1564 1681 nostram
1608 1641 1774 1697 quam
1816 1624 2132 1697 accepimus
2175 1624 2482 1697 spiritalem
2523 1624 2737 1681 auferre
2778 1627 3025 1690 conetur,

1029 1718 1249 1776 remitte
1308 1719 1541 1791 pallium
1598 1719 1929 1792 iniquitatiS,
1988 1735 2146 1776 sume
2204 1718 2608 1792 operimentum
2663 1717 2794 1774 fidei
2862 1721 3024 1792 atque

1027 1813 1348 1885 patientiae,
1398 1830 1508 1886 quo
1566 1830 1626 1871 se
1683 1813 1936 1885 operibat
1989 1812 2174 1870 Dauid
2229 1812 2284 1869 in
2341 1813 2565 1881 ieiunio,
2621 1829 2690 1869 ne
2746 1812 3029 1870 amitteret
3110 1807 3139 1855 F

1029 1906 1392 1981 integimenta
1416 1907 1660 1966 uirtutis.
1694 1908 1880 1981 ipsum
1913 1907 2181 1964 ieiunium
2216 1908 2617 1980 operimentum
2652 1909 2756 1963 est.
2791 1905 3026 1978 denique

1030 2001 1137 2057 nisi
1188 2005 1443 2058 sanctum
1491 2003 1692 2076 Ioseph
1743 2002 1975 2059 texisset
2020 2002 2205 2058 ieiuna
2254 2002 2541 2070 sobrietas,
2584 2000 2869 2057 adulterae
2908 2015 3025 2073 pro-
3054 2019 3089 2055 ιε

1030 2096 1265 2152 teruitas
1324 2097 1582 2154 exuisset.
1643 2115 1751 2170 quo
1808 2096 2014 2153 ieiunio
2066 2097 2113 2153 si
2161 2113 2222 2153 se
2272 2100 2457 2170 tegere
2505 2095 2785 2153 uoluisset
2830 2093 3024 2161 Adam,

1031 2189 1217 2247 nudus
1266 2206 1372 2246 non
1422 2190 1626 2249 fuisset
1669 2190 1922 2248 effectus,
1975 2190 2072 2247 sed
2122 2190 2253 2262 quia
2293 2189 2360 2246 de
2400 2189 2551 2262 ligno
2594 2188 2861 2245 scientiae
2901 2186 3025 2244 boni

1034 2288 1091 2342 et
1145 2285 1279 2341 mali
1339 2290 1528 2342 contra
1580 2284 1938 2341 interdictum
1995 2284 2233 2341 caeleste
2292 2283 2544 2357 gustauit
2592 2285 2649 2339 et
2695 2282 3025 2355 imperatum

1031 2378 1301 2435 ieiunium
1342 2379 1757 2452 praeuaricatus
1799 2381 1887 2435 est
1923 2377 2352 2435 incontinent-iae
2393 2376 2532 2443 cibo,
2569 2376 2776 2433 nudum
2814 2392 2874 2432 se
2908 2392 3025 2433 esse

1037 2473 1315 2547 cognouit.
1360 2473 1508 2546 quod
1549 2473 1595 2529 si
1638 2473 2016 2539 iciunauisset‚
2063 2475 2119 2528 et
2158 2470 2287 2528 fidei
2327 2473 2611 2527 seruasset
2651 2470 2880 2527 exuuias
2930 2486 3027 2526 nec
3054 2488 3088 2521 so

1037 2584 1095 2623 se
1145 2568 1453 2639 aspexisset
1498 2568 1788 2624 intectum.
1840 2585 1947 2625 non
1989 2583 2119 2640 ergo
2161 2583 2260 2623 nos
2302 2566 2599 2622 induamus
2639 2565 2933 2638 iniquitate
2975 2569 3029 2620 et

1035 2661 1339 2734 impietate.
1405 2679 1472 2717 ne
1538 2661 1605 2717 de
1673 2662 1856 2735 aliquo
1922 2665 2172 2718 nostrum
2239 2660 2486 2717 dicatur:
2553 2663 2617 2716 et
2679 2658 2900 2715 induit
2963 2674 3027 2715 se
3095 2644 3157 2699 65⁸

1037 2755 1593 2813 maledictionem.
1644 2756 1788 2812 maie
1839 2772 1899 2811 se
1947 2754 2130 2811 induit
2171 2756 2227 2811 et
2266 2754 2461 2821 Adam,
2504 2754 2598 2826 qui
2640 2753 2772 2810 dum
2815 2753 3031 2826 quaerit

1035 2849 1405 2924 integimenta
1461 2849 1739 2917 soliorum,
1799 2848 2204 2905 maledictionis
2263 2847 2476 2918 excepit
2536 2847 2886 2903 sententiam.
2951 2847 3032 2902 in-

1041 2928 1280 3002 duerunt
1345 2961 1403 3001 se
1467 2944 1853 3002 maledictione
1918 2942 2125 3010 Iudaei,
2194 2942 2261 2998 de
2327 2940 2531 3014 quibus
2587 2941 2860 3014 scriptum
2918 2945 3152 2998 estne,

1194 3195 1222 3240 2
1258 3192 1477 3241 Prouerb.
1513 3194 1556 3246 3,
1593 3192 1651 3240 12
1685 3192 1826 3240 Hebr.
1856 3193 1930 3246 12.
1956 3194 1986 3240 6
2152 3194 2180 3240 5
2212 3191 2389 3239 Psalm.
2415 3189 2586 3235 LXXII
2609 3190 2638 3234 5
2797 3188 2823 3234 7
2859 3185 3033 3233 Psalm.

1039 3271 1214 3321 LXXII
1239 3273 1269 3320 6
1367 3274 1424 3320 15
1460 3271 1574 3320 Gen.
1609 3272 1684 3328 39,
1729 3272 1785 3318 12
1883 3271 1940 3318 17
1992 3269 2107 3319 Gen.
2141 3271 2187 3324 3.
2221 3270 2249 3316 6
2282 3283 2386 3329 sqq.
2482 3269 2542 3315 22
2575 3265 2746 3313 Psalm.
2783 3263 2940 3313 CVIII
2978 3263 3033 3312 18

1102 3431 1130 3477 3
1164 3430 1331 3488 recipit
1367 3428 1471 3474 ΒΡ
1565 3430 1595 3475 4
1629 3428 1950 3487 suscipiuntur
1971 3426 2018 3471 Β
2051 3427 2097 3487 (ιι
2132 3425 2218 3471 alt.
2252 3438 2310 3470 ex
2345 3427 2386 3468 el
2485 3424 2512 3469 5
2546 3424 2823 3481 perpetuum
2850 3417 2898 3464 Β
2928 3434 3034 3479 per-

1040 3511 1183 3570 petuo
1210 3512 1292 3555 cet.
1391 3508 1417 3554 7
1453 3521 1533 3552 eos
1565 3506 1724 3566 inquit
1747 3505 1793 3551 Β
1827 3508 1934 3565 (om.
1963 3506 2141 3560 eorum)
2272 3501 2481 3561 cooperti
2505 3499 2605 3558 P(i
2630 3512 2665 3545 s.
2692 3502 2760 3554 u.)
2857 3497 2887 3543 8
2922 3499 3036 3543 sunt

1038 3602 1130 3636 om.
1165 3585 1277 3634 DP‘
1380 3587 1408 3633 9
1444 3584 1556 3646 quid
1590 3586 1629 3631 si
1662 3585 1710 3632 P
1802 3586 1829 3631 9
1864 3589 1908 3631 et
1942 3583 2000 3630 10
2034 3583 2113 3645 qui
2147 3582 2194 3628 P
2225 3580 2330 3641 quis
2363 3584 2446 3628 cet.
2545 3578 2603 3624 10
2635 3576 2832 3638 incipiat
2863 3589 2956 3622 om.
2989 3574 3036 3622 B

1043 3673 1098 3720 13
1133 3669 1375 3731 operiebat
1407 3666 1615 3715 BDP'C
1731 3666 1788 3712 14
1821 3664 2149 3724 integumenta
2181 3661 2227 3707 Β
2257 3661 2535 3719 tegumenta
2566 3654 2727 3704 DP‘C
2853 3654 2909 3702 15
2942 3653 3033 3701 nisi

1039 3752 1087 3799 P
1119 3755 1160 3809 (s
1193 3754 1246 3797 in
1278 3753 1395 3807 ras.)
1523 3746 1700 3794 ieiunia
1738 3746 1778 3790 0
1900 3742 2132 3790 sobrietas
2164 3739 2343 3786 ieiunia
2375 3735 2486 3782 DP‘
2585 3736 2641 3782 16
2672 3734 2862 3795 tegeret
2885 3733 2935 3780 P
2967 3733 3033 3789 (et

1042 3844 1098 3877 ex
1128 3831 1187 3882 it)
1288 3829 1345 3877 18
1380 3830 1542 3875 contra
1569 3825 1614 3872 P
1646 3833 1692 3875 (a
1723 3825 1777 3869 in
1809 3825 1927 3877 ras.)
2025 3820 2085 3866 20
2118 3818 2376 3865 ieiunasset
2399 3814 2554 3861 BP'C
2678 3819 2727 3859 et
2758 3825 2845 3858 om.
2873 3809 3032 3857 BDP'

1042 3912 1097 3959 21
1141 3908 1448 3956 intellectum.
1484 3918 1568 3951 nos
1603 3904 1648 3949 Β
1775 3901 1835 3949 23
1882 3902 2128 3959 quaereret
2160 3895 2268 3942 DP¹
2396 3894 2456 3941 24
2490 3893 2819 3953 integumenta
2851 3888 2960 3935 ΒΡ
2991 3891 3032 3934 et

1045 4007 1093 4056 (u
1126 3997 1180 4042 in
1212 4001 1329 4051 rae.)
1357 3990 1408 4036 I)
1440 3989 1720 4047 tegumenta
1747 3984 1788 4030 G
1911 3981 2126 4028 foliarum
2154 3975 2202 4020 P
2235 3980 2280 4033 (o
2314 3988 2349 4020 s.
2386 3975 2430 4028 a)
2465 3972 2665 4018 filiorum
2693 3970 2739 4015 Β
