4242 4694
1210 531 1321 586 170
2028 526 2374 574 Ambrosii

1204 702 1479 773 properet,
1523 699 1617 755 ubi
1660 698 1892 756 uerbum
1937 701 2026 755 est
2065 697 2153 755 dei
2187 698 2242 755 in
2281 698 2380 755 illo
2415 699 2542 755 sinu
2574 699 2771 771 patrio,
2806 698 2863 756 id
2897 703 2985 757 est
3016 719 3222 759 arcano

1207 810 1269 850 ac
1310 810 1536 851 recessu
1579 793 1683 860 dei,
1728 792 1824 849 ubi
1867 795 1956 849 est
1993 793 2119 849 fons
2162 792 2484 865 sapientiae,
2528 793 2671 850 unde
2713 810 2810 867 pro
2853 797 3031 851 morte
3065 796 3222 853 uitae

1200 891 1459 945 aeternae
1500 888 1722 945 hauriat
1763 889 1959 960 potum
2000 888 2366 945 inmortalem.
2411 888 2716 945 secundum
2759 891 2845 945 est
2884 889 3220 955 remedium,

1205 984 1270 1039 ut
1311 982 1406 1055 qui
1447 999 1553 1039 non
1596 984 1785 1054 potest
1819 980 2191 1055 cognitionem
2227 980 2357 1037 boni
2390 980 2546 1037 illius
2581 981 2884 1055 praelibare
2918 985 2978 1040 et
3007 983 3224 1040 tardior

1205 1079 1299 1134 uel
1362 1075 1584 1150 ingenio
1652 1079 1739 1132 est
1802 1075 1893 1132 uel
1959 1074 2087 1133 fidei
2153 1076 2638 1148 conprehensione,
2708 1076 2966 1149 quoniam
3032 1078 3220 1135 ueloci
3280 1099 3302 1135 ⁵
3336 1088 3380 1136 D

1208 1170 1408 1227 mentis
1458 1170 1651 1244 uigore
1703 1174 1870 1242 atque
1920 1169 2126 1242 ingenii
2178 1169 2430 1226 acumine
2481 1169 2550 1226 ad
2599 1170 2936 1243 cognitionis
2994 1188 3222 1229 summa

1200 1264 1576 1331 contenditur,
1621 1264 1817 1320 saltem
1864 1280 2031 1336 opera
2066 1263 2274 1320 domini
2309 1263 2622 1320 consideret
2652 1266 2817 1335 atque
2852 1280 2913 1320 ex
2947 1263 3034 1321 his
3070 1282 3220 1336 quae

1203 1359 1355 1415 facta
1412 1360 1543 1415 sunt
1597 1359 1737 1415 tanti
1792 1359 2199 1431 contempletur
2254 1359 2435 1431 operis
2493 1360 2792 1423 auctorem,
2843 1357 3101 1431 quoniam
3152 1375 3221 1415 ex

1209 1451 1297 1508 his
1338 1452 1518 1518 boniS,
1562 1469 1701 1526 quae
1744 1454 1876 1508 sunt
1913 1453 1969 1508 in
2012 1452 2408 1509 constitutione
2449 1452 2614 1509 istius
2650 1454 2928 1509 creaturae
2961 1486 3032 1495 —
3068 1452 3221 1509 bona

1206 1547 1355 1605 enim
1411 1547 1592 1615 ualde,
1654 1547 1802 1604 sicut
1852 1546 2108 1604 dominus
2158 1547 2310 1613 dixit,
2361 1579 2436 1587 --
2484 1547 2690 1603 bonum
2739 1546 2880 1603 illud
2929 1563 3220 1603 summum
3256 1572 3301 1605 ιο

1205 1644 1377 1715 atque
1410 1645 1694 1699 aeternum
1720 1642 2200 1715 conprehenditur.
2230 1642 2322 1715 qui
2349 1641 2478 1698 ordo
2507 1658 2707 1708 rerum,
2735 1657 2873 1713 quae
2901 1640 3218 1714 disciplina,

1211 1753 1352 1809 quae
1410 1736 1631 1810 gratia?
1689 1752 1864 1793 nonne
1922 1735 2010 1792 his
2068 1736 2324 1808 quamuis
2381 1735 2598 1791 tardum
2647 1734 2932 1810 ingenium
2981 1735 3220 1810 diligere

1206 1834 1492 1888 auctorem
1552 1845 1717 1885 suum
1773 1829 2153 1902 prouocatur?
2212 1828 2415 1885 etenim
2471 1829 2520 1886 si
2578 1831 2852 1901 parenteS,
2916 1829 3045 1900 quia
3109 1846 3218 1887 nos
3347 1846 3387 1894 E

1211 1925 1539 1998 genuerunt,
1583 1940 1854 1991 amamus,
1889 1925 2094 1997 quanto
2128 1923 2310 1997 magis
2344 1921 2574 1996 diligere
2609 1922 2873 1979 debemus
2908 1929 3218 1981 creatorem

1208 2019 1502 2089 parentum
1552 2018 1949 2088 auctoremque
1998 2016 2280 2072 nostrum!
2333 2031 2462 2088 ergo
2514 2014 2823 2088 operatoria
2870 2016 3052 2072 uirtus
3102 2014 3217 2074 dei.
3256 2039 3302 2074 ιε»

1208 2110 1321 2167 etsi
1372 2126 1479 2166 non
1520 2110 1763 2178 uidetur,
1804 2112 1990 2166 tamen
2033 2125 2095 2165 ex
2136 2109 2255 2165 suis
2298 2109 2555 2181 operibus
2598 2108 2926 2165 aestimatur
2965 2112 3220 2181 operato-

1209 2220 1436 2277 remque
1495 2220 1659 2277 opera
1716 2220 1819 2261 sua
1866 2203 2125 2277 produnt,
2174 2206 2241 2261 ut
2285 2202 2642 2277 intellegatur
2689 2203 2783 2275 qui
2832 2220 2938 2260 non
2989 2220 3218 2277 conpre-

1210 2297 1488 2357 henditur.
1521 2298 1667 2355 uude
1702 2301 1760 2355 et
1792 2298 2049 2356 dominus
2084 2297 2196 2355 ait:
2238 2295 2300 2354 si
2339 2297 2513 2354 mihi
2553 2314 2680 2355 non
2725 2297 3052 2364 creditiS,
3098 2300 3218 2356 uel

1210 2391 1555 2465 operibus
1598 2391 1896 2449 credite.
1936 2393 2081 2449 bona
2119 2390 2295 2466 igitur
2334 2392 2499 2448 etiam
2542 2392 2677 2449 haec
2718 2391 2918 2449 ciuitas
2961 2392 3029 2448 ad
3069 2393 3219 2449 refu-

1213 2486 1387 2559 gium,
1447 2502 1587 2558 quae
1637 2484 2003 2542 aedificatoris
2054 2485 2141 2541 sui
2189 2484 2523 2541 testificatur
2569 2485 2803 2557 gratiam
2852 2487 2907 2540 et
2954 2485 3218 2542 affectum
3251 2511 3299 2545 so

1208 2581 1462 2636 nostrum
1509 2579 1730 2647 excitat,
1782 2582 1848 2635 ut
1896 2579 2016 2636 eius
2067 2579 2243 2636 simus
2294 2578 2606 2652 cupidiores
2657 2578 2753 2650 qui
2800 2580 3010 2634 tantam
3054 2579 3217 2636 nobis
3345 2591 3390 2639 F

1209 2674 1451 2731 fabricae
1491 2674 1659 2730 huius
1702 2673 1959 2730 uideatur
1990 2674 2295 2730 contulisse
2327 2672 2813 2746 pulchritudinem.
2847 2672 3046 2730 tertius
3083 2673 3216 2730 ordo

1210 2770 1304 2825 est
1341 2767 1545 2842 regalis
1586 2767 1880 2840 potestatis
1924 2768 2341 2839 contemplatiO,
2382 2771 2447 2823 ut
2479 2766 2820 2824 subiciamur
2849 2766 2985 2841 regi,
3022 2766 3071 2823 si
3105 2785 3214 2824 non

1216 2859 1514 2918 deferimus
1548 2863 1832 2933 tamquam
1868 2861 2097 2933 parenti.
2133 2863 2287 2918 metu
2322 2861 2464 2917 enim
2499 2860 2863 2935 praesidentis
2889 2860 3215 2934 plerumque

1213 2953 1280 3010 fit
1312 2954 1610 3011 oboediens
1643 2954 1910 3027 potestati
1946 2955 2039 3027 qui
2073 2959 2161 3011 est
2193 2954 2392 3012 salutis
2426 2954 2695 3028 ingratae,
2731 2957 2795 3011 ut
2826 2955 3217 3011 necessitatem
3248 2979 3297 3013 25

1211 3047 1534 3105 sobrietatis
1593 3052 1856 3122 agnoscat
1913 3050 2008 3122 qui
2065 3049 2246 3107 noluit
2293 3066 2355 3106 ac
2405 3049 2659 3122 nequiuit
2706 3049 2939 3122 gratiam
2988 3049 3215 3122 pietatis

1371 3308 1400 3354 9
1435 3306 1552 3354 Gen.
1666 3308 1723 3355 31
1827 3308 1885 3355 18
1919 3307 2021 3354 Ioh.
2059 3308 2131 3361 10.
2166 3307 2226 3354 38
2323 3308 2383 3354 25
2416 3305 2560 3368 Uerg.
2596 3306 2711 3354 Aen.
2746 3306 2786 3354 X
2820 3307 2911 3354 666

1284 3509 1304 3554 l
1340 3511 1625 3570 proponeret
1647 3508 1694 3554 A
1728 3509 1783 3568 (s.
1817 3511 1900 3555 m2
1921 3508 1946 3554 1
1971 3511 2207 3570 properet)
2273 3513 2303 3554 4
2337 3507 2610 3568 cognitione
2635 3507 2682 3553 A
2709 3511 2753 3562 (e
2780 3521 2837 3554 esc
2870 3508 2913 3562 e)
2981 3505 3007 3552 7
3034 3506 3147 3554 saltl
3171 3509 3216 3553 A

1215 3590 1255 3643 (1
1282 3601 1340 3634 ex
1365 3591 1409 3643 e)
1438 3586 1596 3634 saltim
1631 3579 1879 3638 Vara‘ET
1936 3588 1966 3635 8
1999 3586 2344 3648 contempletur
2376 3585 2529 3646 operis
2564 3585 2841 3646 aucto[rem]
2869 3585 2923 3630 in
2945 3598 3042 3630 ras.
3067 3586 3149 3629 m2
3172 3585 3219 3630 A

1220 3664 1249 3711 9
1284 3679 1406 3725 quae
1449 3665 1538 3713 del.
1580 3668 1664 3713 2212
1694 3668 1754 3721 A,
1796 3680 1832 3713 a.
1873 3679 1920 3712 u.
1963 3664 2007 3711 T
2164 3664 2221 3712 10
2262 3663 2401 3711 ualde
2443 3665 2553 3710 sunt
2584 3663 2642 3712 21⁴
2685 3664 2813 3721 (sunt
2852 3676 2889 3709 s.
2930 3665 2999 3720 u.)
3032 3660 3220 3710 ςὶΙ”ΕΡ’

1281 3743 1418 3791 illum
1453 3744 1500 3791 P
1532 3748 1671 3800 (corr.
1705 3747 1799 3801 ml)
1833 3743 1955 3798 AC‘,
1990 3757 2078 3790 om.
2118 3741 2183 3789 0¹⁶
2329 3744 2385 3791 13
2420 3744 2733 3803 prouocantur
2764 3740 2810 3786 P
2844 3745 2893 3797 (n
2926 3743 3049 3801 αφ.)
3091 3739 3219 3785 ΟὈ”

1283 3822 1395 3883 quia
1428 3823 1475 3868 A
1508 3823 1588 3883 qui
1621 3822 1717 3872 811’
1812 3824 1869 3870 16
1903 3820 2120 3868 uidea=tur
2142 3820 2191 3868 A
2284 3822 2350 3869 24·
2378 3819 2631 3867 deferimus
2664 3820 2886 3866 honorem
2916 3818 2961 3865 T
3083 3832 3218 3879 prae-

1215 3899 1431 3957 sidentes
1463 3900 1509 3946 A
1545 3902 1581 3957 (i
1614 3915 1651 3947 8.
1687 3904 1733 3959 e)
1832 3901 1891 3948 26
1926 3898 2200 3947 sobrietatis
2231 3899 2280 3947 A
2313 3902 2369 3960 (s.
2401 3900 2486 3945 ΜΒ
2515 3899 2539 3945 2
2569 3898 2664 3961 tas)
2705 3897 2748 3944 T
2779 3898 2837 3954 (ti
2867 3910 2906 3944 s.
2940 3898 3009 3954 u.)
3139 3896 3220 3956 qui

1217 3976 1266 4025 A
1302 3982 1356 4037 (s.
1392 3979 1409 4024 i
1440 3980 1523 4025 m2
1554 3978 1577 4024 ἔ
1611 3981 1655 4035 e)
1690 3992 1784 4040 que
1818 3980 1962 4038 (corr.
1998 3976 2098 4037 qui)
2140 3976 2184 4024 Τ
