4242 4694
1138 517 1210 573 78
1948 517 2294 566 Ambrosii

1135 685 1350 749 fratres,
1393 686 1460 742 ab
1500 685 1597 743 illo
1639 686 1819 761 magis
1860 691 2031 762 patre,
2073 689 2168 761 qui
2199 689 2314 747 filio
2343 689 2559 764 proprio
2594 706 2697 747 non
2728 690 2994 764 pepercit,
3032 687 3135 746 sed
3238 693 3271 743 E

1134 796 1232 853 pro
1259 780 1415 850 nobis
1442 780 1698 837 omnibus
1729 780 1960 839 tradidit
1990 798 2137 851 eum,
2172 782 2240 839 ab
2271 782 2370 839 ino
2402 785 2576 856 patre,
2611 781 2679 839 de
2711 799 2822 856 quo
2854 784 3134 856 scriptum

1137 876 1254 930 est:
1306 873 1476 931 deus
1533 874 1774 932 filium
1829 892 2027 933 suum
2087 876 2383 934 mittens
2440 876 2506 933 in
2567 875 3136 934 similitudinem

1137 969 1371 1026 carnis
1412 970 1721 1043 peccati.

1047 1065 1118 1120 10
1211 1063 1284 1120 Et
1331 1064 1564 1133 errabat,
1612 1065 1812 1138 inquit,
1861 1065 2083 1139 Ioseph,
2132 1066 2264 1139 quia
2308 1066 2506 1123 fratres
2555 1082 2689 1123 suos
2728 1065 2979 1123 inuenire
3020 1081 3136 1123 non
3191 1089 3218 1125 ι

1136 1161 1368 1229 pot-erat.
1418 1174 1524 1217 non
1573 1159 1829 1218 inmerito
1879 1160 2114 1227 errabat,
2164 1160 2260 1233 qui
2319 1160 2619 1232 quaerebat
2675 1163 2952 1227 errantem
3009 1174 3136 1217 eos

1135 1251 1277 1308 enim
1328 1252 1660 1328 agnoscit
1710 1253 2031 1311 dominus
2083 1253 2204 1326 qui
2253 1257 2418 1311 sunt
2466 1253 2719 1326 ipsius.
2778 1252 3015 1325 denique
3078 1262 3140 1309 et

1134 1346 1291 1403 Iesus
1332 1345 1599 1420 fatigatus
1643 1364 1706 1404 ex
1745 1347 1951 1405 itenere
1994 1346 2225 1405 sedebat
2264 1363 2430 1421 super
2467 1350 2717 1420 puteum.
2768 1345 3136 1421 fatigabatur,

1134 1440 1229 1513 qui
1292 1457 1399 1497 non
1452 1441 1770 1498 inueniebat
1825 1441 1912 1497 dei
1967 1442 2257 1515 populum,
2316 1458 2480 1514 quem
2537 1440 2868 1513 quaerebam
2926 1440 3141 1497 exierat
3247 1445 3276 1495 1

1134 1535 1280 1592 enim
1321 1552 1353 1592 a
1390 1534 1531 1593 facie
1565 1535 1789 1594 domini.
1826 1536 1921 1609 qui
1954 1535 2098 1593 enim
2133 1536 2354 1609 culpam
2389 1535 2645 1608 sequitur
2674 1535 2788 1592 exit
2818 1551 2852 1591 a
2885 1532 3135 1593 Christo.
3170 1559 3220 1596 ιο

1134 1632 1390 1702 peccator
1414 1629 1540 1697 exit,
1565 1629 1750 1687 iustus
1773 1632 1960 1687 intrat.
1987 1630 2225 1703 denique
2249 1630 2428 1688 Adam
2455 1645 2515 1685 ee
2538 1632 2800 1701 peccator
2821 1626 3138 1695 abscondit,

1134 1722 1320 1780 iustus
1348 1726 1536 1780 autem
1563 1723 1734 1781 dicit:
1761 1724 1987 1782 intret
2019 1724 2253 1782 oratio
2281 1740 2431 1780 mea
2460 1723 2528 1780 in
2562 1722 2956 1795 conspectu
2987 1723 3136 1778 tuo.

1048 1816 1114 1871 11
1136 1816 1349 1874 inuenit
1388 1821 1572 1874 autem
1613 1817 1808 1875 fratres
1850 1834 1982 1875 suos
2022 1818 2223 1891 Ioseph
2263 1818 2319 1874 in
2353 1815 2636 1886 Dothaim,
2668 1815 2815 1887 quod
2848 1813 3142 1888 significat

1135 1910 1516 1968 defectionem.
1551 1911 1649 1969 ubi
1682 1915 1769 1969 est
1800 1912 1946 1969 enim
1980 1911 2089 1968 nisi
2121 1912 2176 1969 in
2210 1911 2516 1968 defectione
2550 1910 2645 1982 qui
2678 1910 2844 1967 deum
2878 1906 3137 1966 deserit?

1136 2021 1232 2061 nec
1267 2005 1466 2062 mirum
1500 2006 1548 2062 si
1581 2006 1907 2064 deficiebant
1939 2007 2034 2079 qui
2067 2023 2174 2063 non
2209 2005 2508 2062 audiebant
2540 2004 2848 2061 dicentem:
2881 2000 3137 2060 uenite
3170 2025 3218 2062 ιι

1137 2098 1218 2155 ad
1257 2116 1356 2156 me
1398 2116 1634 2157 omnes
1677 2101 1796 2174 qui
1834 2101 2192 2158 laboratis
2239 2102 2307 2157 et
2349 2098 2630 2156 onerati
2662 2098 2864 2161 estis,
2900 2098 2969 2154 et
3000 2112 3135 2170 ego

1137 2209 1260 2250 uos
1301 2192 1644 2251 reficiam.
1690 2195 1843 2251 uenit
1880 2195 2058 2269 igitur
2095 2193 2297 2267 Ioseph
2338 2194 2393 2250 in
2429 2191 2713 2258 Dothaim,
2757 2193 2826 2247 et
2863 2189 3137 2264 praeui-

1138 2285 1397 2343 derunt
1428 2287 1634 2344 illum
1668 2288 1746 2344 de
1777 2288 1988 2363 longe
2021 2288 2446 2352 uenientem,
2481 2289 2858 2358 antequam
2891 2283 3136 2357 adpro-

1138 2380 1373 2452 piaret
1412 2380 1492 2437 ad
1523 2380 1718 2446 illos,
1754 2385 1823 2439 et
1852 2381 2375 2445 insaeuiebant,
2409 2384 2486 2437 ut
2517 2378 2932 2437 occiderent
2962 2392 3138 2435 eum.

1138 2474 1332 2530 merito
1365 2473 1529 2548 longe
1563 2477 1717 2532 erant
1750 2475 1845 2548 qui
1878 2477 2033 2532 erant
2061 2475 2117 2532 in
2151 2474 2457 2532 defectione
2490 2476 2549 2530 et
2576 2472 2702 2530 ideo
2735 2470 3140 2557 ineaeuiebant,
3175 2496 3223 2532 so

1140 2568 1270 2641 quia
1316 2567 1387 2625 iis
1436 2584 1540 2625 non
1592 2567 2012 2643 adpropiauerat
2061 2567 2334 2625 Christus,
2384 2584 2510 2624 nam
2552 2568 2600 2623 si
2640 2565 3029 2640 adpropiasset
3064 2563 3143 2622 iis

1141 2666 1307 2735 typus
1351 2660 1577 2728 Christi,
1618 2661 1842 2719 fratrem
1882 2662 2076 2736 utique
2119 2662 2475 2728 dilexissent;
2518 2659 2616 2718 sed
2657 2675 2825 2733 prope
2866 2675 2990 2716 esse
3031 2675 3143 2715 non
3225 2666 3276 2716 48

1142 2758 1397 2828 poterant
1429 2754 1524 2827 qui
1557 2755 1913 2828 parricidium
1946 2755 2285 2830 cogitabant.
2321 2771 2481 2811 ecce
2523 2754 2706 2827 inquit
2744 2752 3148 2811 somniator

1302 3000 1323 3046 1
1358 3000 1492 3047 Rom.
1528 3000 1571 3054 8,
1606 3000 1668 3046 32
1795 3000 1822 3047 3
1855 2998 1987 3045 Rom.
2024 2999 2068 3057 8,
2102 3000 2130 3046 3
2257 3001 2287 3046 5
2321 2998 2436 3046 Gen.
2473 3001 2546 3050 37,
2588 3002 2642 3048 15
2677 3016 2746 3062 eq.
2874 3001 2904 3048 6
2935 2998 2986 3047 11
3018 2998 3143 3048 Tim.

1142 3078 1185 3124 2.
1225 3077 1282 3125 19
1407 3077 1437 3124 8
1470 3076 1571 3124 Ioh.
1605 3080 1650 3131 4,
1684 3078 1715 3123 6
1860 3077 1917 3125 10
1953 3075 2067 3124 Gen.
2102 3079 2150 3129 4.
2186 3078 2244 3124 16
2393 3079 2445 3125 11
2484 3077 2602 3126 Gen.
2635 3079 2681 3132 3,
2715 3079 2745 3125 8
2875 3078 2933 3126 12
2964 3077 3144 3125 Psalm.

1144 3154 1404 3203 LXXXVII
1435 3156 1464 3203 3
1665 3154 1723 3202 13
1756 3152 1872 3202 Gen.
1906 3155 1982 3210 37,
2020 3156 2075 3202 17
2111 3155 2250 3203 Philo
2285 3155 2411 3217 qnod
2445 3155 2538 3203 det.
2574 3160 2673 3217 pot.
2710 3159 2796 3203 ine.
2831 3156 2861 3203 9
2895 3155 3024 3217 (196,
3058 3155 3142 3214 37)

1148 3235 1203 3281 15
1236 3232 1408 3280 matth.
1445 3234 1518 3288 11,
1552 3232 1612 3280 28
1710 3233 1766 3280 17
1802 3232 1917 3281 Gen.
1951 3234 2027 3288 37,
2066 3234 2122 3281 18
2219 3235 2279 3282 23
2314 3232 2430 3281 Gen.
2466 3234 2544 3289 37,
2582 3234 2640 3281 19
2672 3247 2743 3296 eq.

1211 3413 1232 3461 l
1268 3413 1457 3475 proprio
1489 3413 1588 3461 filio
1620 3412 1724 3460 ΝΒ
1848 3412 1876 3457 2
1907 3411 2033 3459 nibie
2066 3410 2115 3458 Β
2148 3414 2290 3467 (corr.
2323 3414 2422 3468 m3)
2553 3411 2679 3472 eum]
2712 3410 2842 3458 illum
2878 3409 3150 3462 P¹P¹¹w⁴r

1145 3492 1173 3539 5
1207 3494 1257 3539 et
1277 3529 1286 3538 .
1307 3528 1317 3537 .
1338 3528 1348 3537 .
1365 3493 1553 3552 poterat
1577 3504 1666 3539 om.
1692 3491 1752 3538 P‘
1846 3491 2003 3551 inquit
2032 3489 2199 3551 ioseph
2232 3490 2342 3551 quia
2374 3489 2446 3535 fra
2468 3489 2518 3536 P
2544 3491 2601 3536 in
2631 3503 2729 3536 rae.
2826 3489 2856 3536 8
2888 3488 3070 3536 itenere
3094 3490 3144 3536 Β

1145 3569 1314 3618 itinere
1348 3574 1429 3617 cet.
1619 3582 1760 3630 supra
1800 3567 1979 3615 NVP¹⁴
2137 3569 2165 3615 9
2208 3569 2321 3629 quia.
2348 3568 2406 3615 N
2412 3567 2507 3615 VD
2546 3573 2590 3616 et
2630 3571 2679 3625 (a
2708 3573 2880 3629 postea
2922 3567 3061 3627 add.)
3102 3567 3146 3615 O

1149 3649 1206 3696 13
1240 3647 1406 3710 ioseph
1439 3646 1607 3694 fratres
1642 3661 1751 3694 suos
1794 3645 2026 3695 VP‘W‘E
2146 3645 2308 3693 dotain
2341 3645 2389 3693 B
2423 3645 2620 3700 dothain
2654 3646 2713 3693 1³¹
2746 3653 2790 3694 et
2823 3646 2875 3704 (h
2905 3661 2943 3694 ε.
2975 3646 3045 3706 u.)
3065 3646 3143 3693 1³¹·

1211 3726 1335 3788 quod
1363 3763 1373 3773 .
1400 3762 1411 3773 .
1437 3761 1449 3772 .
1479 3727 1534 3774 17
1571 3725 1782 3773 dothaim
1814 3726 1954 3785 infra
1986 3726 2043 3772 in
2074 3740 2163 3786 ηις.
2194 3727 2278 3772 m2
2309 3725 2356 3772 P
2450 3725 2577 3788 quod
2609 3725 2656 3771 Β
2689 3724 2741 3779 (ἁ
2771 3739 2808 3773 ⁸.
2841 3725 2911 3786 w)
2977 3725 3033 3772 17
3058 3724 3143 3772 do-

1148 3805 1264 3851 taim
1297 3803 1346 3850 Β
1376 3801 1574 3850 dothain
1606 3802 1681 3849 1²¹⁴
1843 3802 1900 3849 18
1934 3815 2041 3848 eum
2071 3800 2130 3848 N
2282 3800 2608 3864 adpropriaret
2640 3801 2688 3847 Β
2729 3805 2771 3859 (r
2803 3801 2889 3848 alt.
2923 3805 3049 3862 exp.)
3082 3802 3142 3849 1³¹

1148 3881 1551 3943 adpropinquaret
1589 3879 1634 3926 T
1787 3879 1848 3927 20
1882 3879 2211 3927 insaeuiebant
2242 3879 2288 3924 P
2321 3880 2389 3937 (in
2423 3894 2460 3927 ε,
2494 3894 2543 3927 u.
2576 3882 2677 3938 m2)
2827 3879 2883 3925 21
2921 3878 2999 3926 hie
3031 3879 3145 3927 libri

1212 3960 1252 4006 si
1274 3959 1325 4006 hi
1350 3959 1398 4006 P
1420 3958 1488 4018 <hi
1514 3966 1656 4015 erae.)
1755 3956 2107 4020 adpropriasset
2132 3957 2178 4004 B
2274 3962 2324 4005 et
2354 3958 2429 4005 his
2456 3956 2548 4005 110
2625 3958 2685 4005 23
2719 3958 2943 4018 inquiunt
2965 3957 3148 4006 P¹¹DT
