4242 4694
1125 533 1237 590 398
1924 526 2311 590 [Ambrosii]

1125 700 1282 759 diues
1336 702 1437 759 aut
1489 717 1702 775 pauper
1754 699 1864 757 nisi
1912 700 2054 758 forte
2101 716 2246 757 unus
2293 700 2535 774 populus
2582 700 2946 774 Iudaeorum,
2993 703 3117 762 alter

1122 795 1364 869 populus
1422 794 1815 855 Christianus?
1869 795 1967 853 ille
2024 794 2183 853 diues
2238 796 2296 853 in
2343 794 2487 869 lege,
2537 794 2698 853 diues
2749 797 2998 872 eloquiis
3042 797 3114 857 dei

1123 889 1232 947 sibi
1271 888 1514 959 creditis,
1554 889 1716 948 diues
1748 888 2076 964 prophetiis,
2110 887 2274 947 diues
2302 889 2575 948 oraculis:
2607 890 2700 948 hic
2729 908 2871 951 uero
2903 909 3113 967 pauper.

1123 982 1221 1041 sed
1262 982 1435 1042 nolite
1474 982 1617 1040 hanc
1655 982 1910 1058 refugere
1950 985 2352 1057 paupertatem,
2393 1000 2560 1058 quam
2600 985 2862 1060 sequitur
2896 1002 3116 1062 regnum

1123 1077 1437 1146 caelorum;
1479 1075 1752 1151 scriptum
1810 1079 1899 1135 est
1962 1077 2141 1135 enim:
2209 1077 2392 1136 beati
2457 1095 2789 1153 pauperes
2855 1080 3163 1155 s'piritu,i

1123 1172 1428 1246 quoniam
1468 1163 1764 1245 ipsorum
1806 1175 1910 1228 est
1947 1188 2218 1246 regnum
2250 1170 2599 1231 caelorum.
2630 1172 2776 1232 hona
2807 1178 3114 1250 paupertas,

1123 1281 1262 1339 quae
1326 1265 1475 1338 quod
1537 1265 1793 1323 hahuerit
1852 1282 1962 1322 non
2025 1265 2250 1325 amittit.
2305 1266 2452 1324 bona
2506 1270 2824 1341 paupertas,
2883 1284 3027 1343 quae
3074 1268 3116 1326 si

1121 1360 1414 1418 thesauros
1453 1376 1562 1417 non
1599 1359 1771 1417 habet
1800 1358 2087 1434 pecuniae,
2119 1360 2290 1418 habet
2316 1362 2501 1418 tamen
2533 1361 2830 1421 thesauros
2862 1362 3116 1440 scientiae

1123 1457 1290 1527 atque
1339 1453 1661 1528 sapientiae.
1711 1454 1904 1523 nolite,
1953 1452 2075 1523 filii,
2125 1454 2285 1527 quasi
2332 1455 2506 1513 uilem
2554 1456 2840 1530 despicere
2896 1474 3115 1534 pauper·

1123 1549 1323 1616 tatem3
1373 1546 1508 1604 iste
1547 1563 1797 1621 pauper
1845 1546 2165 1604 clamauit
2205 1550 2271 1604 et
2311 1545 2612 1606 dominus
2653 1549 2931 1609 exaudit
2970 1568 3165 1612 eum.-

1123 1641 1296 1700 nolite
1335 1641 1497 1715 quasi
1536 1641 1756 1716 magnis
1796 1640 2045 1699 inuidere
2088 1640 2338 1710 diuitiis;
2380 1640 2631 1701 diuites
2683 1649 3022 1718 eguerunt
3061 1657 3116 1704 et

1124 1736 1522 1794 esurierunt.
1572 1735 1672 1794 sed
1718 1736 1769 1794 si
1815 1736 1993 1794 uultis
2041 1735 2243 1794 habere
2290 1736 2452 1806 bona,
2504 1736 2791 1797 dominum
2842 1739 3112 1815 quaerite3

1121 1831 1540 1903 inquirentes
1592 1831 1738 1889 enim
1788 1830 2118 1889 dominum
2168 1847 2289 1888 non
2340 1830 2663 1890 deficient
2709 1835 2888 1892 omni
2950 1835 3113 1895 hon.

1121 1941 1252 1999 ergo
1292 1924 1465 1983 nolite
1507 1941 1764 1983 recusare
1804 1942 2023 1983 omnem
2062 1941 2380 1999 pauperem.
2421 1943 2632 2000 pauper
2670 1931 2791 1985 erat
2829 1927 3046 1989 Petrus
3070 1929 3109 1990 d

1122 2036 1289 2094 quem
1353 2019 1586 2095 ¹donaret
1645 2019 1997 2078 nummulum
2063 2037 2169 2078 non
2239 2019 2497 2090 habebat,
2570 2021 2670 2079 sed
2738 2024 3142 2095 pretiosiora!

1122 2114 1272 2173 omui
1315 2114 1552 2188 pecunia
1601 2113 1844 2172 donabat
1891 2113 2148 2171 salutem.
2195 2130 2415 2189 pauper
2461 2119 2579 2173 erat
2624 2116 2722 2174 ille
2769 2115 3028 2180 Lazarus
3071 2115 3115 2189 h

1124 2207 1436 2282 euangelio,
1477 2207 1576 2266 sed
1618 2207 1713 2265 ille
1755 2207 1851 2281 qui
1891 2212 2019 2265 ante
2059 2206 2114 2264 in
2156 2211 2307 2267 ostro
2350 2208 2506 2268 diues
2546 2209 2764 2269 iacebat
2799 2215 2859 2269 et
2888 2228 3120 2288 purpura
3173 2213 3198 2265 1

1122 2302 1352 2377 optabat
1387 2306 1517 2376 post
1558 2302 1767 2360 exitum
1806 2301 1957 2359 uitae
1999 2301 2245 2360 stillante
2286 2302 2463 2379 digito
2503 2305 2762 2378 pauperis
2798 2303 3116 2383 refrigerari.

1124 2396 1379 2468 quamuis
1435 2396 1531 2453 ille
1588 2399 1738 2454 ostro
1803 2396 2078 2470 superbus
2141 2397 2295 2473 regio
2360 2402 2418 2455 et
2477 2399 2800 2473 purpuratis
2872 2400 3114 2461 uestibus

1121 2491 1357 2548 uulnera
1393 2490 1652 2564 pauperis
1694 2489 1852 2548 diues
1894 2490 2218 2548 fastidiosus
2260 2490 2551 2561 horruerit,
2596 2497 2778 2550 tamen
2811 2494 2871 2551 in
2906 2492 3107 2554 infmia
3128 2509 3167 2545 ο·

1109 2583 1339 2643 'locatus
1393 2586 1620 2659 optabat
1667 2602 1732 2643 eo
1780 2585 1890 2643 loci
1939 2585 2115 2643 fuisse
2164 2603 2274 2659 quo
2321 2587 2580 2644 Lazarus.
2632 2604 2739 2661 quo
2791 2588 2925 2647 loco
2969 2586 3105 2648 lontio

1123 2697 1229 2737 uon
1271 2680 1493 2739 uidetur
1531 2680 1891 2754 pecuniarum
1936 2679 2168 2738 diuitem
2206 2697 2616 2755 pauperemque
2657 2681 2999 2755 describere,
3032 2679 3118 2740 sed

1125 2790 1252 2830 eum
1308 2791 1627 2849 pauperem,
1687 2774 1784 2848 qui
1839 2792 1937 2849 pro
1989 2775 2099 2833 fide
2149 2778 2206 2833 et
2255 2775 2553 2834 deuotione
2601 2777 2835 2835 uulnera
2883 2777 3123 2855 corporis

1123 2885 1230 2924 non
1272 2868 1565 2938 horruerit,
1606 2869 1811 2927 famem
1852 2868 2231 2942 ieiuniumque
2272 2869 2609 2929 tolerauerit.

1046 2962 1121 3018 58
1204 2961 1344 3019 Cum
1390 2962 1564 3038 igitur
1611 2962 1840 3020 haberet
1886 2962 2130 3035 populus
2159 2960 2511 3021 'Iudaeorum
2568 2964 2623 3021 in
2681 2964 2800 3022 suis
2861 2966 3133 3041 gregibus
3157 2967 3198 3018 a!

1120 3055 1390 3131 plurimas
1456 3056 1642 3129 copias
1707 3056 2035 3125 hostiarum,
2102 3058 2288 3114 tamen
2354 3074 2520 3115 unam
2584 3057 2886 3129 ouiculam,
2966 3077 3134 3135 quam

1278 3187 1308 3232 5
1340 3186 1514 3235 Matth.
1547 3187 1592 3243 5,
1626 3187 1655 3235 3
1816 3186 1876 3235 10
1906 3186 2082 3248 Psalm.
2115 3185 2319 3234 XXXIII
2351 3188 2378 3235 7
2532 3189 2586 3237 11
2620 3188 2795 3236 Psalm.
2831 3188 3049 3238 XXXIII
3081 3191 3134 3239 11

1126 3264 1185 3312 13
1216 3263 1396 3312 Psalm.
1428 3264 1634 3312 XXXIII
1667 3264 1723 3313 11
1841 3266 1898 3314 14
1929 3265 2035 3313 Act.
2070 3265 2115 3323 3,
2148 3267 2178 3313 6
2290 3266 2348 3315 16
2381 3265 2492 3314 Luc.
2532 3269 2604 3324 16,
2636 3265 2697 3314 20
2814 3267 2876 3315 17
2907 3267 3031 3317 Luc.
3067 3269 3135 3316 16·

1126 3343 1184 3391 19
1217 3344 1266 3390 et
1296 3343 1359 3391 24

1190 3446 1213 3493 1
1248 3445 1340 3493 iste
1374 3444 1508 3493 diues
1539 3445 1593 3492 D
1742 3444 1867 3492 alter
1904 3443 2003 3491 TN
2030 3447 2080 3492 et
2111 3445 2234 3492 alter
2265 3450 2348 3494 cet.
2459 3445 2489 3493 3
2521 3445 2784 3507 prophetiis
2815 3463 2851 3511 χ
2883 3448 3137 3510 prophetis

1125 3526 1208 3570 cet.
1358 3537 1470 3570 uero
1504 3537 1593 3570 om.
1627 3521 1750 3570 B‘P‘
1859 3525 1891 3570 4
1923 3522 2085 3583 fugere
2118 3540 2149 3586 χ
2286 3524 2314 3570 6
2348 3523 2570 3584 quoniam
2589 3559 2630 3574 ..
2653 3560 2664 3571 .
2683 3523 2923 3572 caelorum
2957 3540 3056 3574 on.
3088 3525 3140 3574 Ν

1126 3600 1156 3646 8
1184 3600 1435 3648 thesauros
1457 3615 1537 3661 pr.
1579 3599 1677 3647 TN
1700 3600 1975 3648 thesaurum
2009 3606 2090 3647 cet.
2235 3615 2354 3662 quae
2387 3600 2481 3648 sibi
2512 3616 2606 3649 non
2636 3600 2785 3649 habet
2813 3601 3077 3652 thesauros
3108 3621 3139 3667 χ

1125 3681 1153 3726 9
1198 3679 1283 3726 filii
1317 3693 1405 3726 om.
1438 3679 1486 3725 B
1583 3678 1641 3726 10
1681 3678 1874 3726 exaudit
1910 3679 1952 3726 T
1983 3677 2226 3726 exaudiuit
2257 3685 2338 3728 cet.
2437 3679 2495 3727 13
2528 3680 2673 3742 enim]
2710 3683 2872 3728 autem
2904 3681 2957 3728 Β
3055 3681 3135 3730 de-

1125 3757 1304 3817 ficient]
1337 3758 1606 3804 minuentur
1640 3757 1684 3803 B
1813 3757 1872 3806 14
1902 3760 2229 3819 paupertatem
2260 3757 2304 3803 X
2426 3759 2483 3806 15
2507 3757 2642 3806 daret
2664 3757 2776 3806 DP'
2903 3758 2962 3806 16
2989 3758 3135 3807 dabat

1126 3835 1250 3883 B'P'
1282 3834 1556 3892 donadabat
1593 3835 1649 3882 T‘
1776 3838 1878 3883 erat
1910 3850 1997 3883 om.
2032 3835 2084 3883 D
2190 3837 2245 3883 17
2280 3835 2468 3884 iacebat
2497 3836 2546 3883 in
2582 3839 2708 3884 ostro
2743 3835 2872 3883 B‘P'
3001 3836 3133 3885 diues

1126 3928 1214 3961 om.
1240 3931 1272 3976 χ
1370 3915 1426 3961 19
1460 3918 1588 3960 ostro
1621 3915 1703 3962 ille
1735 3914 1859 3962 B‘P·
1956 3915 2016 3962 20
2050 3914 2231 3962 inferno
2265 3914 2317 3962 D
2410 3916 2467 3963 21
2505 3930 2560 3963 eo
2591 3916 2666 3976 (in
2697 3917 2817 3973 ras.)
2860 3915 2906 3963 T
3029 3915 3132 3963 loco

1125 3992 1282 4040 BDN
1401 3992 1494 4040 loci
1529 4007 1631 4040 esse
1665 4008 1756 4054 quo
1789 4010 1822 4055 χ
