4242 4694
1143 515 1256 571 424
1985 513 2329 560 Ambrosii

1143 682 1392 749 uirtutiS,
1458 681 1769 756 purificatio
1835 682 2067 748 animae,
2133 682 2506 739 miserationis
2573 699 2823 755 expensa,
2903 684 3134 741 lenitatis

1142 775 1444 844 institutio,
1473 774 1719 833 caritatis
1753 774 2048 841 inlecebra,
2085 775 2276 833 senilis
2312 775 2505 850 gratia,
2533 775 2789 833 custodia
2818 777 3135 836 inuentatis.

1039 887 1044 892 ·
1141 868 1413 927 ieiunium
1469 871 1557 928 est
1611 868 1949 926 infirmitatis
2008 869 2475 939 adleuamentum,
2533 868 2862 928 alimentum
2932 872 3136 930 salutis.

1125 980 1303 1022 -nemo
1361 962 1694 1020 cruditatem
1752 962 2044 1021 ieiunando
2101 963 2313 1034 incidit,
2362 963 2550 1020 nullus
2599 981 2698 1038 per
2745 965 3139 1023 continentiam

1142 1058 1318 1115 ictum
1359 1058 1649 1133 sanguinis
1691 1058 1883 1125 sensit,
1924 1057 2095 1115 immo
2129 1058 2318 1115 nullus
2353 1075 2457 1115 non
2491 1059 2757 1132 repressit
2790 1061 2848 1116 et
2881 1061 3141 1134 reppulit.

1143 1151 1351 1210 bonum
1391 1152 1617 1210 iteneris
1659 1151 1947 1220 uiaticum,
1989 1152 2197 1210 bonum
2232 1152 2408 1210 totius
2440 1152 2610 1220 uitae,
2644 1152 2854 1211 bonum
2890 1154 2951 1211 in
2988 1155 3145 1212 mari:

1051 1245 1126 1302 23
1145 1242 1304 1303 sedat
1350 1246 1655 1320 naufragia,
1707 1245 1893 1303 cibum
1944 1249 2149 1304 seruat.
2200 1263 2368 1320 graue
2418 1246 2611 1304 dicunt
2659 1263 2784 1304 esse
2839 1247 3146 1306 ieiunium:

1143 1338 1511 1412 respondeant
1551 1338 1675 1411 quis
1717 1356 1746 1395 e
1774 1338 1981 1396 ieiunio
2017 1338 2293 1397 defecerit.
2329 1339 2492 1396 multi
2527 1339 2579 1396 in
2614 1339 2857 1416 prandio,
2902 1342 3148 1416 plerique

1109 1419 1279 1489 *dum
1327 1436 1564 1490 uomunt
1604 1434 1831 1505 epulum
1883 1433 2075 1490 fudere
2117 1433 2372 1491 animam.
2429 1433 2576 1506 quod
2617 1435 2909 1508 postremo
2954 1433 3146 1494 animal

1144 1527 1413 1585 ieiunium
1480 1528 1588 1585 sibi
1652 1544 1877 1585 causam
1944 1527 2121 1585 fuisse
2184 1528 2378 1585 mortis
2436 1528 2752 1602 ingemuit?
2808 1546 2916 1602 per
2959 1529 3200 1589 'escamn

1144 1611 1379 1694 laqueus
1429 1639 1533 1680 non
1584 1624 1832 1690 cauetur,
1880 1622 1935 1680 in
1987 1638 2115 1679 esca
2164 1622 2370 1699 hamus*
2409 1622 2577 1680 latet:
2621 1622 2780 1680 cibus
2822 1623 3061 1682 deducit
3095 1626 3143 1681 in

1145 1715 1384 1784 foueam,
1427 1715 1588 1773 cibus
1628 1716 1843 1773 inducit
1882 1716 1936 1772 in
1979 1715 2134 1782 retia,
2171 1715 2329 1773 cibus
2365 1703 2520 1773 uisco
2555 1717 2722 1787 etiam
2758 1734 2897 1775 aues
2934 1719 3143 1795 inligat,

1148 1810 1306 1867 cibus
1348 1810 1601 1869 uolantes
1643 1809 1871 1883 deponit
1910 1798 1979 1866 ad
2019 1813 2274 1869 mortem.
2320 1826 2459 1883 quae
2500 1828 2606 1867 non
2640 1814 2864 1884 propter
2898 1818 3143 1871 uentrem

1145 1903 1438 1975 pericula?
1503 1907 1659 1961 muta
1723 1904 1984 1961 animalia
2047 1904 2253 1961 crimen
2318 1904 2578 1961 nesciunt
2634 1908 2690 1961 et
2744 1904 2798 1961 in
2860 1904 2980 1964 hoc
3024 1899 3143 1964 ⁴solo

1146 2000 1431 2070 tamquam
1481 2015 1577 2070 pro
1628 1998 1855 2055 crimine
1905 1998 2226 2071 puniuntur.
2284 1997 2555 2070 ieiunium
2613 1997 2889 2054 sobrietas
2953 1999 3192 2057 mentis:

1148 2095 1252 2150 est.
1292 2085 1398 2150 hoc
1438 2093 1634 2166 uigent
1674 2109 1891 2159 sensuS,
1932 2091 1987 2148 in
2030 2093 2132 2150 hoc
2173 2092 2383 2149 iudicia
2421 2093 2745 2159 tractantur,
2787 2092 2845 2149 in
2887 2093 3142 2151 conuiuio

1145 2188 1364 2260 pocula.
1436 2187 1701 2244 ieiunium
1779 2186 2025 2245 custodit
2098 2186 2464 2259 disciplinam,
2537 2186 2811 2244 luxuriam
2896 2187 3142 2261 sequitur

1210 2325 1239 2372 2
1272 2324 1512 2373 institutio
1547 2339 1636 2374 om,
1671 2324 1741 2373 H‘
1853 2324 2091 2373 castitatis
2122 2324 2171 2373 R
2281 2323 2520 2372 inlecebra
2551 2324 2624 2386 (ce
2655 2324 2711 2372 in
2739 2329 2862 2382 ras.)
2898 2325 2952 2372 P
3055 2324 3136 2374 ια’

1148 2402 1217 2449 Η’
1239 2448 1250 2465 ,
1344 2404 1606 2452 iuuentutis
1642 2405 1689 2460 (v
1720 2418 1757 2452 8.
1793 2404 1838 2464 a)
1872 2403 1921 2450 P
1946 2404 2158 2450 iuuentis
2190 2402 2243 2451 D
2273 2404 2538 2451 iuuentutis
2572 2408 2654 2451 cet.
2767 2404 2796 2451 3
2831 2404 3055 2452 leuamen
3082 2402 3135 2452 B·

1147 2481 1176 2525 4
1211 2479 1257 2525 in
1294 2478 1576 2527 cruditatem
1610 2480 1724 2528 DP'
1756 2480 2082 2528 credulitatem
2123 2480 2168 2527 G
2201 2480 2525 2535 crudelitatem
2561 2482 2665 2529 ΗΒ
2815 2482 2966 2529 immo
3000 2483 3135 2532 nullus

1151 2562 1261 2618 (om.
1285 2563 1467 2618 postea⁴
1491 2558 1654 2611 immo)
1689 2558 1756 2624 H·
1837 2562 1866 2607 5
1899 2559 2058 2605 hictus
2091 2561 2345 2620 sanguines
2381 2560 2415 2617 (i
2448 2573 2485 2607 s.
2520 2565 2564 2619 e)
2600 2559 2649 2606 R
2773 2561 2937 2607 nullus
2978 2565 3024 2619 (o
3045 2573 3072 2606 e.
3102 2572 3123 2603 n

1150 2637 1257 2692 alt.)
1284 2637 1333 2685 R
1459 2637 1660 2699 aliquem
1698 2642 1805 2694 (om.
1833 2643 1947 2694 non)
1981 2638 2208 2698 repressit
2239 2636 2317 2685 uel
2341 2637 2453 2686 DP‘
2579 2638 2754 2699 pressit
2779 2638 2850 2684 H‘
2986 2636 3124 2700 repulit

1154 2714 1301 2763 GBD
1411 2717 1439 2763 6
1471 2715 1668 2763 iteneris
1701 2716 1747 2762 P
1778 2717 1964 2763 itineris
1997 2723 2082 2765 cet.
2204 2718 2228 2763 7
2264 2716 2400 2764 sedat
2431 2716 2480 2763 P
2510 2717 2550 2778 (t
2581 2731 2617 2763 8.
2651 2718 2720 2772 u.)
2754 2716 2868 2763 DP‘
2901 2717 2994 2765 sed
3024 2721 3067 2763 at
3091 2713 3125 2761 G

1150 2793 1234 2842 sed
1268 2793 1328 2841 ad
1359 2794 1420 2842 Η
1445 2794 1530 2842 sed
1562 2794 1611 2842 R
1643 2800 1687 2843 et
1721 2787 1795 2852 (sn
1826 2810 1919 2857 quo
1951 2795 2154 2858 fisi-agiu)
2190 2795 2238 2842 B
2271 2801 2313 2842 et
2347 2796 2421 2854 (in
2453 2809 2545 2854 quo
2580 2794 2831 2856 naufraga)
2863 2794 2936 2842 H‘
3066 2792 3132 2854 qui

1150 2889 1296 2937 graue
1327 2873 1429 2922 ΒΘ
1553 2875 1583 2922 8
1618 2873 1879 2931 defecerint
1912 2878 1956 2932 (e
1992 2874 2080 2922 alt.
2114 2889 2172 2922 ex
2205 2873 2220 2920 i
2252 2876 2353 2931 m2)
2386 2873 2435 2920 P
2588 2873 2635 2920 in
2670 2888 2759 2921 om.
2793 2873 2846 2921 D
2879 2878 2922 2921 et
2958 2874 3030 2930 (in
3056 2884 3133 2932 quo

1149 2953 1318 3013 multo)
1352 2953 1414 3000 P'
1541 2953 1570 3000 9
1604 2953 1820 3015 nomnnt]
1855 2953 2055 3001 ueniunt
2086 2953 2145 2999 H
2273 2950 2486 3012 epulum]
2524 2965 2548 2998 e
2582 2950 2755 3012 pabulo
2790 2951 2838 2999 R
2870 2951 3059 3012 paulula
3089 2945 3135 2994 H

1181 3032 1405 3079 animali
1438 3030 1485 3079 R
1597 3032 1657 3079 10
1690 3045 1878 3079 cansam
1911 3031 2004 3078 sibi
2042 3031 2146 3079 GH
2267 3030 2414 3077 fuisse
2448 3043 2590 3076 causa
2620 3029 2669 3077 R
2783 3031 2837 3076 11
2873 3030 3060 3092 laqueos
3090 3032 3128 3080 (v

1147 3127 1182 3158 s.
1212 3128 1237 3159 ο
1263 3114 1363 3167 m2)
1388 3110 1436 3157 P
1532 3109 1697 3167 hunus
1725 3114 1772 3168 (a
1795 3124 1832 3157 s.
1858 3124 1973 3165 ras„
1997 3125 2027 3157 u
2053 3111 2195 3170 eras.)
2217 3110 2266 3157 P
2289 3123 2421 3156 amus
2446 3107 2544 3156 ΒΘ
2649 3108 2773 3155 latet
2797 3111 2847 3154 et
2875 3103 3127 3156 GBH'DP1

1212 3189 1405 3237 deducit
1437 3189 1572 3235 sz
1603 3187 1788 3236 inducit
1819 3188 1962 3235 Pm2
1985 3188 2102 3235 BH‘
2241 3189 2296 3236 12
2329 3187 2516 3235 foueam
2553 3192 2598 3244 (e
2631 3200 2667 3232 8.
2703 3189 2769 3246 u.)
2802 3186 2851 3233 P
2904 3250 2910 3256 ι
2998 3182 3120 3232 uerba

2341 3291 2372 3324 N
2843 3290 2855 3323 ἰ
2903 3305 3084 3333 nucum

1150 3340 1282 3387 cibus
1295 3338 1626 3400 (pr.)...uisc0
1641 3338 1906 3398 sicscripla
1918 3343 2033 3385 sunt
2045 3338 2099 3384 in
2111 3338 2177 3384 P:
2196 3291 2338 3399 CIB331
2377 3290 2545 3397 DUOET}
2576 3337 2624 3383 in
2651 3335 2775 3383 retia
2800 3300 3112 3399 3⁰BUSUISCO

1151 3425 1386 3478 (lsnucrr
1419 3422 1464 3463 et
1486 3417 1608 3477 sort.
1644 3426 1697 3469 133
1732 3430 1915 3478 quoque
1947 3421 1990 3463 et
2033 3416 2220 3463 litteras
2259 3416 2379 3463 illas
2420 3420 2524 3463 octo
2567 3430 2698 3462 nunc
2741 3429 2921 3466 era8a8,
2956 3413 3004 3459 in
3035 3407 3109 3469 qui·

1150 3496 1237 3543 bus
1272 3532 1438 3545 ......
1458 3495 1506 3542 ia
1547 3494 1748 3555 dispevi,
1791 3494 1905 3543 add.
1947 3510 2006 3542 m.
2050 3500 2168 3553 ant„
2202 3495 2250 3541 in
2285 3495 2407 3541 retia
2448 3494 2489 3540 ci
2529 3496 2625 3551 m2,
2667 3493 2740 3539 inr
2771 3496 2873 3546 m4;
2920 3486 3109 3538 librarius

1150 3574 1301 3621 uerba
1335 3573 1468 3621 cibus
1501 3572 1686 3620 inducit
1718 3572 1765 3619 in
1801 3573 1922 3619 retia
1954 3572 2199 3631 omiserat)
2314 3570 2509 3617 deducit
2541 3569 2587 3616 R
2621 3569 2807 3617 inducit
2841 3574 2884 3628 (c
2914 3584 2950 3616 s.
2980 3567 3035 3621 u.)
3063 3559 3107 3609 1),

1150 3653 1205 3699 in
1237 3666 1330 3712 quo
1362 3651 1514 3699 uerba
1545 3651 1594 3697 in
1631 3649 1817 3698 foueam
1853 3650 1984 3697 cibus
2012 3649 2195 3697 inducit
2217 3654 2500 3710 repetuntur
2624 3647 2672 3694 in
2698 3647 2830 3695 uisco
2859 3653 2961 3705 (om.
2983 3638 3111 3691 etiam)

1056 3742 1064 3749 ”
1152 3730 1200 3777 R
1313 3730 1370 3777 13
1404 3730 1586 3775 uentris
1624 3728 1667 3776 G
1780 3730 1837 3775 14
1871 3729 2115 3775 nessciunt
2149 3733 2188 3787 (s
2215 3741 2294 3789 pr.
2329 3731 2471 3784 eras.)
2505 3725 2553 3773 P
2677 3726 2826 3772 solum
2864 3730 2967 3782 (om.
2996 3721 3050 3774 in)
3078 3709 3115 3758 R

1155 3809 1212 3856 16
1247 3808 1383 3868 uiget
1415 3807 1462 3856 R
1614 3807 1836 3853 conuiuia
1869 3807 1938 3853 H¹
2071 3807 2123 3853 1‘:
2160 3805 2366 3853 costodit
2399 3807 2444 3866 (v
2476 3819 2511 3851 8.
2548 3819 2573 3850 ο
2601 3806 2698 3863 pr.)
2735 3805 2783 3850 P
2814 3784 3120 3851 custodita-G

1216 3885 1516 3947 disciplinam
1550 3885 1819 3933 conuiuium
1844 3885 2028 3933 luxuria
2050 3885 2265 3947 seqnitur
2286 3884 2433 3946 impia
2457 3883 2572 3930 BH¹
2600 3883 2899 3944 disciplinam
2925 3873 3126 3927 luxuriam

1151 3965 1422 4026 insequitur
1456 3965 1603 4025 impia
1635 3964 1748 4011 DP‘
