4242 4694
1116 496 1194 551 46
1942 491 2287 540 Ambrosii

1120 665 1225 722 hoc
1265 667 1354 721 est
1393 664 1698 731 dealbatus,
1741 664 1872 738 quia
1912 667 1970 721 et
2010 664 2239 722 Satanas
2280 664 2638 740 transfigurat
2670 681 2729 722 se
2763 665 2816 721 in
2853 664 3111 738 angelum

1114 759 1281 826 lucis,
1309 762 1365 815 et
1388 759 1571 833 coepit
1595 759 1662 817 ab
1687 776 1752 816 eo
1781 776 1880 819 sua
1905 760 2195 832 requirere.
2230 759 2517 832 respondit
2548 760 2597 816 ei
2629 759 2827 816 Iacob:
2864 775 3037 833 cogn
3054 776 3112 816 o-

1121 869 1235 910 sc‘e
1277 853 1337 911 si
1378 853 1548 926 quid
1589 856 1697 910 est
1738 856 1934 910 tuum
1977 853 2155 925 apud
2207 870 2323 918 me,
2376 853 2482 910 hoc
2529 856 2648 910 est:
2699 852 2837 910 nihil
2885 856 3112 910 tuorum

1120 946 1316 1003 habeo.
1357 963 1575 1019 quaere,
1616 946 1663 1002 si
1708 946 1840 1019 quid
1872 948 2127 1021 agnoscis
2161 947 2422 1004 uitiorum
2455 950 2679 1004 tuorum
2711 950 2767 1004 et
2798 946 3109 1003 criminum.

1119 1039 1257 1096 nihil
1288 1056 1509 1097 mecum
1541 1040 1746 1097 abstuli
1784 1040 2038 1098 fraudum
2064 1044 2286 1097 tuarum
2312 1040 2534 1112 dolique
2562 1040 2837 1098 consortia
2861 1042 2979 1098 ulla
3002 1057 3109 1098 non
3171 1057 3191 1092 ι
3235 1047 3272 1096 Ε

1120 1134 1313 1202 habeo,
1341 1135 1525 1192 omnia
1548 1138 1647 1192 tua
1664 1137 1949 1207 tamquam
1974 1135 2291 1208 contagium
2317 1135 2513 1210 refugi.
2541 1138 2598 1192 et
2621 1135 2901 1206 quaesiuit
2922 1135 3109 1192 Labau

1115 1236 1177 1285 et
1208 1229 1344 1285 nihil
1378 1246 1544 1286 suum
1576 1229 1831 1303 repperit.
1874 1245 2039 1302 quam
2072 1230 2268 1287 beatus
2302 1229 2406 1296 uir,
2440 1231 2493 1286 in
2528 1246 2638 1301 quo
2678 1229 2938 1287 inimicus
2973 1229 3111 1286 nibil

1121 1321 1337 1378 inuenit
1360 1321 1507 1393 quod
1540 1339 1701 1380 suum
1735 1325 1929 1395 posset
1960 1322 2157 1390 dicere,
2190 1321 2245 1378 in
2280 1340 2388 1395 quo
2423 1322 2679 1381 diabolus
2713 1324 2851 1379 nihil
2883 1322 3112 1380 offendit

1122 1415 1271 1487 quod
1312 1432 1478 1472 suum
1520 1420 1857 1489 agnosceret.
1903 1415 2229 1490 inpossibile
2274 1417 2565 1474 uidebatur
2595 1417 2746 1474 istud
2779 1417 2833 1474 in
2868 1418 3110 1486 homine,

1121 1509 1221 1567 sed
1243 1512 1438 1583 typum
1466 1510 1691 1583 gerebat
1721 1510 1860 1579 eius,
1886 1511 1981 1583 qui
2007 1510 2145 1572 dixit
2178 1512 2230 1567 in
2264 1511 2588 1586 euangelio:
2621 1511 2866 1568 ueniet
2897 1511 3108 1570 huius
3145 1518 3285 1567 10467

1121 1603 1359 1661 mundi
1415 1603 1745 1678 princeps
1804 1607 1872 1660 et
1926 1604 1991 1661 in
2050 1622 2150 1662 me
2206 1605 2539 1663 inueniet
2586 1606 2786 1663 nihil.
2837 1606 2976 1662 nihil
3026 1607 3115 1662 est

1122 1697 1266 1754 enim
1311 1697 1574 1771 quicquid
1614 1701 1701 1756 est
1741 1697 1967 1767 diaboli,
2010 1700 2158 1773 quod
2199 1700 2407 1758 nullam
2448 1702 2634 1773 potest
2676 1700 2875 1758 habere
2923 1718 3111 1773 perpe·

1028 1789 1105 1844 25
1123 1790 1382 1849 tuitatem
1417 1794 1582 1864 atque
1615 1792 2003 1851 substantiam.
2038 1793 2157 1866 ipse
2190 1797 2374 1851 autem
2410 1798 2497 1851 est
2523 1793 2618 1867 qui
2643 1794 3115 1868 praefigurabatur

1124 1885 1178 1942 in
1225 1885 1390 1943 Iacob
1447 1885 1704 1943 dominus
1751 1887 1928 1950 Iesus,
1980 1888 2214 1945 duorum
2271 1888 2358 1945 uir
2413 1888 2815 1962 coniugiorum,
2865 1888 2970 1946 hoc
3025 1893 3113 1946 est

1124 1996 1347 2037 consors
1405 1980 1626 2052 quidam
1682 1981 1827 2056 legis
1877 1985 1934 2038 et
1980 1982 2205 2055 gratiae,
2255 1982 2350 2054 qui
2404 1982 2673 2056 uirginem
2722 1981 2931 2038 Rachel
2988 1986 3111 2040 ante
3145 1996 3190 2031 ιο

1124 2073 1315 2131 dilexit
1345 2077 1403 2131 et
1433 2074 1896 2149 praedestinatam
1933 2077 2036 2134 sibi
2071 2077 2124 2132 in
2159 2076 2474 2150 coniugium
2508 2077 2600 2148 pio
2634 2076 2853 2132 amabat
2891 2076 3110 2134 affectu.

1124 2167 1223 2225 sed
1261 2169 1519 2240 quoniam
1560 2169 1661 2226 Lia
1698 2172 1980 2242 tamquam
2017 2171 2106 2227 lex
2147 2170 2484 2227 subintrauit
2522 2173 2581 2225 et
2626 2169 2802 2228 oculis
2848 2169 3114 2227 infirmior

1121 2261 1371 2336 obrepsit
1417 2265 1701 2336 tamquam
1750 2279 2047 2338 synagoga.
2091 2280 2231 2337 quae
2277 2263 2478 2320 mentis
2519 2263 2784 2320 caecitate
2826 2264 3107 2322 Christum
3229 2272 3267 2321 B

1125 2354 1312 2413 uidere
1344 2373 1449 2413 non
1482 2357 1684 2429 potuit,
1719 2356 2191 2429 superabundauit
2228 2357 2407 2431 gratia
2445 2360 2663 2414 sanctae
2702 2357 2926 2424 Rachel,
2969 2375 3111 2431 quae

1122 2466 1291 2524 supra
1336 2450 1576 2524 primum
1622 2451 1765 2509 illud
1819 2455 1907 2508 est
1961 2452 2202 2524 expetita
2254 2450 2592 2526 coniugium,
2649 2468 2789 2523 quae
2844 2453 3112 2511 ecclesiae
3144 2475 3192 2512 so

1122 2542 1491 2618 principatum
1537 2546 1788 2603 futurum
1844 2545 1953 2602 iam
2017 2548 2150 2603 tunc
2213 2545 2450 2603 nominis
2516 2545 2602 2601 sui
2665 2545 3113 2618 interpretatione

1121 2635 1397 2711 signabat,
1437 2637 1600 2696 beata
1638 2638 1861 2709 Rachel,
1903 2656 2044 2713 quae
2092 2638 2328 2696 abstulit
2373 2638 2723 2713 obprobrium
2775 2656 2877 2697 suo
2924 2643 3111 2713 partu:

1124 2731 1286 2790 beata
1341 2731 1564 2799 Rachel,
1622 2750 1761 2805 quae
1817 2733 2105 2790 abscondit
2170 2732 2355 2790 cultus
2420 2749 2734 2805 erroresque
2798 2733 3113 2807 gentilium.

1125 2842 1265 2899 quae
1307 2827 1604 2884 simulacra
1635 2843 1824 2884 eorum
1857 2827 2019 2900 plena
2051 2843 2174 2884 esse
2206 2827 2565 2884 inmunditiae
2598 2827 2917 2885 declarauit.
2951 2845 3111 2886 nemo
3235 2837 3269 2888 c

1121 2919 1312 2979 credat
1348 2925 1608 2995 paternae
1650 2921 1872 2994 pietatis
1912 2922 2120 2979 laesam
2161 2938 2284 2979 esse
2325 2922 2708 2990 reuerentiam,
2742 2921 2892 2995 quod
2930 2923 3112 2980 stante
3143 2946 3191 2982 ns

1283 3090 1305 3138 1
1341 3088 1480 3137 Philo
1507 3087 1566 3137 de
1590 3090 1803 3151 profugis
1828 3089 1858 3138 8
1883 3090 1924 3152 (ῐ
1949 3090 2055 3144 552,
2081 3090 2161 3149 31)
2286 3089 2337 3138 11
2368 3088 2474 3139 Cor.
2504 3091 2576 3141 11.
2606 3091 2662 3138 14
2756 3090 2786 3139 3
2812 3090 2928 3138 Gen.
2954 3091 3029 3147 31,
3050 3091 3112 3139 32

1126 3169 1154 3215 7
1187 3166 1303 3216 Gen.
1336 3169 1413 3224 31,
1447 3167 1507 3216 33
1617 3168 1676 3216 10
1708 3168 1808 3219 Ioh.
1846 3170 1917 3226 14,
1950 3169 2011 3217 30
2117 3170 2173 3217 15
2206 3167 2320 3217 Gen.
2354 3170 2430 3224 29,
2469 3169 2523 3217 18
2557 3171 2606 3216 et
2639 3170 2699 3217 30
2795 3170 2851 3216 17
2886 3168 3002 3217 Gen.
3036 3169 3113 3226 29,

1126 3248 1186 3295 25
1218 3250 1268 3294 et
1304 3248 1360 3295 17
1517 3247 1578 3294 20
1611 3245 1729 3297 Gen.
1762 3248 1837 3303 29,
1871 3248 1928 3296 27
1964 3261 2065 3310 sqq.
2215 3249 2272 3295 21
2308 3246 2446 3294 Philo
2481 3246 2538 3294 de
2573 3262 2732 3309 congr.
2765 3246 2893 3294 erud.
2928 3249 3049 3308 grat.
3082 3248 3111 3295 6

1120 3324 1169 3383 (Ι
1200 3325 1305 3382 523,
1340 3326 1387 3384 7)
1482 3325 1544 3373 22
1578 3324 1692 3373 Gen.
1726 3326 1803 3381 30,
1833 3326 1894 3374 23
1990 3326 2050 3374 23
2083 3325 2198 3374 Gen.
2231 3327 2308 3378 31.
2341 3326 2402 3373 34
2495 3326 2555 3373 25
2589 3324 2705 3373 Gen.
2739 3325 2814 3378 31,
2849 3326 2909 3373 35

1189 3435 1211 3482 l
1248 3434 1497 3483 dealbatus
1529 3437 1575 3484 A
1612 3440 1684 3494 (us
1718 3450 1776 3484 ex
1806 3438 1865 3493 is)
1947 3436 1975 3483 3
2011 3439 2085 3483 est
2114 3438 2303 3482 tuorum
2334 3434 2463 3485 21⁰1?
2547 3436 2577 3482 ὃ
2609 3433 2824 3482 fraudum
2861 3433 2965 3485 ΔΨ
2980 3435 3112 3485 21⁸1ss

1122 3512 1361 3562 fraudium
1377 3513 1483 3564 ΔΨ
1499 3519 1583 3562 m2
1608 3515 1650 3562 V
1671 3515 1705 3574 (i
1730 3529 1767 3564 ε.
1791 3518 1863 3574 u.)
1888 3520 1970 3563 cet.
2098 3513 2288 3574 dolique
2314 3512 2508 3564 AVstT
2526 3512 2713 3575 delique
2733 3513 2781 3560 P
2802 3513 2990 3576 (-eliqni
3010 3516 3110 3576 m2)

1120 3592 1357 3656 dereliqui
1373 3594 1425 3642 N
1429 3592 1443 3615 ⁴
1464 3596 1539 3653 (α
1555 3594 1736 3656 deliqui
1751 3610 1810 3642 m.
1830 3598 1930 3641 ant.
1949 3594 2026 3649 w)
2121 3591 2222 3640 ulla
2236 3594 2282 3638 A
2302 3596 2350 3650 (a
2365 3595 2447 3638 m2
2462 3607 2519 3640 ex
2533 3592 2567 3651 i)
2585 3591 2670 3640 illa
2684 3592 2738 3639 N
2740 3596 2751 3616 ⁴
2838 3593 2896 3641 lo
2919 3592 3037 3640 dicit
3050 3593 3111 3640 P‘

1129 3672 1182 3720 11
1209 3672 1424 3721 inueniet
1445 3673 1495 3720 in
1514 3688 1590 3721 me
1607 3673 1680 3722 &¹⁴
1804 3671 1953 3720 nichil
1976 3671 2188 3718 inueniet
2210 3670 2253 3717 T
2374 3669 2492 3717 nihil
2517 3672 2590 3718 est
2612 3685 2701 3719 om.
2719 3669 2826 3728 PT,
2853 3673 2927 3718 eet
2948 3686 3037 3719 om.
3064 3675 3110 3719 A

1129 3783 1186 3830 12
1221 3765 1344 3831 ειῖἰῐιι
1377 3765 1608 3844 quidquid
1639 3784 1687 3830 P
1717 3782 1767 3843 (,,
1799 3785 1898 3840 m2)
2055 3780 2111 3828 13
2144 3779 2533 3841 prefygurabatur
2562 3780 2610 3826 A
2756 3780 2813 3828 17
2848 3779 2940 3827 alia
2972 3779 3105 3837 libra}

1125 3877 1154 3909 a
1177 3876 1257 3922 pr.
1290 3875 1412 3910 erae.
1443 3862 1483 3906 V
1576 3860 1632 3909 18
1665 3861 1896 3921 sinagoga
1927 3859 2113 3910 APVU
2228 3861 2284 3907 19
2317 3872 2406 3920 que
2440 3862 2518 3917 (a
2549 3859 2630 3921 qui
2661 3861 2759 3918 ΜΒ)
2795 3858 2840 3905 A
2935 3859 2995 3907 22
3026 3857 3110 3906 be-

1119 3944 1207 3988 ata
1232 3978 1241 3989 .
1271 3978 1281 3987 .
1310 3976 1321 3988 .
1347 3943 1485 4001 partu
1518 3939 1572 3986 in
1603 3954 1692 4001 my.
1723 3938 1816 3997 inf.
1855 3941 1899 3985 A
1996 3939 2057 3985 24
2091 3938 2375 3986 simulachra
2407 3937 2513 3988 ΔΨ
