4242 4694
1013 1552 1064 1587 10

1013 2022 1062 2056 15

1014 2491 1067 2525 20

1016 2960 1067 2996 25

1540 513 1613 561 De
1648 514 1820 576 Ioseph
1854 515 1895 563 1.
1928 514 1973 569 2,
2008 516 2128 562 2-7
2193 514 2239 576 (1
2271 515 2362 564 483
2394 515 2439 562 D
2472 517 2564 564 485
2596 517 2680 577 D).
3033 523 3105 579 75

1101 691 1204 744 aut
1243 686 1580 761 praelatione
1620 685 1787 742 unius
1829 687 2042 742 ceteros
2084 685 2151 741 ab
2194 685 2413 743 adfectu
2457 689 2841 762 germanitatis
2875 693 3107 748 auertat.

1101 781 1234 855 plus
1277 780 1589 854 adquiritur
1627 779 1762 847 filio,
1804 778 1897 836 cui
1936 778 2169 836 fratrum
2214 779 2525 853 adquiritur
2565 799 2737 839 amor.
2780 783 2916 840 haec
2955 797 3277 859 prae-485A

1101 875 1303 932 clarior
1358 872 1742 932 munificentia
1796 875 2035 947 patrum,
2094 873 2228 930 haec
2288 874 2457 931 ditior
2512 875 2790 935 hereditas
2845 876 3107 935 filiorum.

1101 969 1301 1044 iungat
1344 968 1550 1025 liberos
1601 967 1848 1040 aequalis
1898 967 2091 1041 gratia,
2144 984 2282 1039 quos
2330 967 2542 1026 iuncxit
2592 971 2838 1043 aequalis
2895 974 3107 1029 natura.

1100 1064 1324 1120 lucrum
1377 1062 1557 1136 pietas
1614 1060 1796 1118 nescit
1850 1060 2135 1133 pecuniae,
2193 1061 2249 1117 in
2306 1078 2417 1135 quo
2472 1062 2700 1136 pietat-is
2759 1063 3109 1139 dispendium

1101 1158 1209 1212 est.
1268 1154 1400 1229 quid
1460 1154 1675 1211 miraris
1732 1154 1781 1211 si
1838 1158 2064 1227 propter
2119 1154 2352 1211 fundum
2410 1160 2509 1213 aut
2565 1156 2791 1214 domum
2857 1159 3110 1215 oriuntur

1100 1249 1250 1305 inter
1289 1251 1485 1306 fratres
1525 1248 1725 1322 iurgia,
1762 1246 1979 1321 quando
2013 1251 2239 1321 propter
2269 1249 2516 1306 tunicam
2552 1250 2697 1307 inter
2727 1250 2892 1308 Iacob
2928 1252 3108 1309 saneti

1100 1343 1250 1399 filios
1292 1341 1496 1400 exarsit
1536 1340 1793 1398 inuidia?
1835 1339 1969 1415 quid
2010 1358 2138 1415 ergo
2161 1345 2188 1398 P
2229 1342 2713 1417 reprehendendus
2753 1344 2936 1413 Iacob,
2978 1345 3109 1419 quia

1099 1437 1451 1510 praeferebat
1473 1453 1645 1493 unum
1674 1434 1869 1493 ceteris
1889 1438 1915 1492 Ρ
1950 1433 2048 1492 sed
2073 1452 2172 1492 nec
2205 1435 2521 1493 libertatem
2556 1454 2860 1511 possumus
2895 1440 3105 1496 auferre

1100 1531 1445 1603 parentibus,
1505 1547 1572 1587 ne
1627 1547 1724 1588 eos
1781 1531 1910 1604 plus
1968 1529 2202 1605 diligant
2251 1546 2391 1603 quos
2438 1530 2567 1604 plus
2617 1532 2846 1589 credant
2889 1535 3103 1600 mereri,

1098 1642 1205 1682 neo
1245 1624 1375 1682 filiis
1415 1641 1662 1683 resecare
1703 1624 1967 1682 debemus
2010 1624 2260 1681 studium
2300 1625 2428 1698 plus
2468 1626 2739 1698 placendi.
2774 1627 3016 1700 denique
3050 1632 3108 1685 et

1099 1720 1268 1776 Iacob
1317 1719 1477 1776 illum
1530 1719 1659 1792 plus
1709 1719 1946 1786 amabat,
1994 1719 2051 1775 in
2108 1735 2216 1790 quo
2271 1719 2480 1776 maiora
2536 1719 2812 1777 uirtutum
2869 1721 3108 1797 insignia

1098 1812 1479 1887 praeuidebat,
1539 1816 1604 1871 ut
1657 1829 1764 1870 non
1819 1815 1934 1869 tam
1994 1811 2170 1869 filium
2231 1819 2386 1885 pater
2448 1814 2785 1886 praetulisse
2850 1815 3107 1872 uideatur

1101 1924 1269 1979 quam
1325 1907 1594 1981 propheta
1648 1894 1996 1980 mysterium,
2055 1906 2364 1978 meritoque
2413 1907 2624 1964 uariam
2673 1908 2921 1965 tunicam
2971 1910 3108 1967 fecit

1100 2002 1172 2068 ei,
1216 2018 1321 2073 quo
1364 1999 1705 2074 significaret
1745 2017 1873 2057 eum
1907 2000 2255 2057 diuersarum
2289 1999 2564 2057 uirtutum
2600 2001 2807 2058 amictu
2841 2002 3103 2060 fratribus

1098 2093 1540 2167 praeferendum.

1183 2189 1434 2261 Denique
1487 2188 1545 2246 in
1601 2204 1769 2262 puero
1826 2187 2007 2245 adhuc
2064 2187 2286 2245 refulsit
2343 2187 2530 2245 diuina
2580 2189 2774 2262 gratia,
2826 2189 3103 2262 siquidem

1101 2283 1405 2340 somniauit
1445 2281 1611 2355 quod,
1653 2298 1780 2339 cum
1823 2282 2131 2356 alligasset,
2173 2284 2239 2339 ut
2280 2281 2387 2339 sibi
2428 2282 2724 2340 uidebatur
2760 2300 2859 2357 per
2898 2284 3101 2354 uisum,

1098 2377 1416 2449 manipulos
1465 2393 1592 2434 cum
1640 2376 1903 2433 fratribus
1954 2376 2091 2444 suis,
2143 2376 2439 2434 surrexerit
2495 2376 2814 2451 manipulus
2871 2378 2991 2436 eius
3047 2382 3104 2436 et

1101 2471 1325 2527 steterit
1364 2473 1601 2536 erectus,
1643 2470 1897 2526 conuersi
1940 2473 2127 2526 autem
2168 2470 2402 2527 fratrum
2440 2471 2715 2544 manipuli
2754 2470 3105 2530 adorauerint

1100 2563 1450 2636 manipulum
1485 2580 1669 2620 suum.
1703 2563 1757 2620 in
1793 2580 1900 2636 quo
1935 2564 2130 2636 utique
2164 2564 2353 2621 futura
2385 2563 2595 2622 domini
2619 2566 2750 2622 Iesu
2775 2568 3102 2624 resurrectio

1100 2658 1350 2713 reuelata
1398 2660 1502 2724 est,
1554 2674 1716 2728 quem
1769 2661 1824 2713 et
1868 2657 2271 2730 Hierosolymis
2322 2674 2450 2715 cum
2498 2657 2794 2728 uidissent,
2843 2659 3100 2717 undecim

1101 2752 1402 2807 adorauere
1452 2749 1713 2823 discipuli
1763 2753 1821 2807 et
1867 2768 2057 2807 omnes
2107 2751 2303 2818 sancti,
2353 2768 2482 2808 eum
2521 2754 2933 2821 resurrexerint,
2975 2754 3104 2811 ado-

1100 2845 1305 2900 rabunt
1335 2844 1549 2902 fructus
1580 2844 1845 2901 bonorum
1874 2860 2103 2918 operum
2123 2845 2512 2917 praeferente&
2533 2846 2681 2902 sicut
2697 2848 2967 2920 seriptum
2986 2851 3101 2906 est:

1101 2939 1482 2996 uenientes
1510 2942 1742 2995 autem
1768 2939 2065 2995 uenient
2090 2955 2236 2995 eum
2267 2938 2718 2996 exultatione
2752 2941 3100 2998 tollentes

1101 3032 1505 3105 manipulos
1548 3048 1733 3089 suos.
1776 3032 1923 3088 unde
1964 3032 2181 3100 fratres,
2223 3032 2359 3089 licet
2399 3034 2597 3089 somnii
2633 3033 2797 3091 fidem
2830 3051 2928 3108 per
2959 3035 3098 3091 inui-

1101 3127 1253 3183 diam
1294 3125 1634 3200 derogarent,
1675 3126 2185 3199 interpretationem
2228 3129 2410 3183 tameu
2453 3127 2572 3183 eius
2613 3128 2849 3201 propriis
2898 3145 3097 3185 sermo-

1263 3294 1319 3341 17
1356 3293 1471 3341 Gen.
1505 3295 1581 3347 37.
1615 3296 1644 3343 6
1679 3308 1781 3356 sqq.
1893 3295 1954 3342 22
1986 3294 2157 3343 matth.
2193 3294 2268 3350 28,
2305 3295 2363 3342 16
2396 3309 2465 3355 aq.
2572 3295 2631 3343 25
2664 3295 2837 3343 Psalm.
2871 3295 3037 3345 cxxv
3071 3300 3100 3344 6

1172 3405 1191 3449 1
1229 3400 1450 3450 aduertat
1482 3402 1530 3449 P
1561 3401 1612 3452 (d
1644 3403 1788 3465 eras.)
1884 3404 1914 3450 2
1946 3417 2079 3451 amor
2111 3402 2370 3463 acquiritur
2401 3403 2530 3451 affl
2620 3403 2649 3450 3
2681 3403 2920 3452 hereditas
2952 3405 3000 3451 B
3031 3407 3100 3466 (re

1098 3494 1138 3527 ε.
1173 3495 1222 3527 u.
1255 3483 1356 3539 m2)
1467 3482 1499 3528 4
1531 3482 1711 3529 iuncxit
1740 3480 1788 3527 Β
1822 3481 1976 3528 iunxit
2006 3485 2090 3527 cet.
2203 3480 2232 3526 6
2265 3480 2517 3527 auriuntur
2547 3480 2596 3527 Β
2627 3481 2769 3534 (corr.
2802 3484 2906 3540 2112)
2939 3482 3099 3530 hauri-

1100 3561 1246 3605 untur
1278 3558 1326 3605 P
1355 3559 1505 3612 (cor-r„
1528 3563 1629 3615 m2)
1729 3558 1787 3606 10
1820 3558 2019 3607 credunt
2050 3558 2110 3608 21⁴
2142 3558 2193 3620 (u
2224 3561 2308 3606 m2
2338 3572 2396 3605 ex
2429 3563 2475 3616 a)
2508 3558 2639 3607 ev‘E
2726 3560 2782 3607 14
2816 3559 3032 3622 profaeta
3052 3560 3100 3607 Β

1105 3637 1163 3683 16
1196 3636 1556 3697 praeferendum
1580 3675 1591 3685 .
1619 3672 1630 3683 .
1658 3674 1667 3682 .
1696 3637 1850 3697 gratia
1881 3638 1937 3684 in
1969 3651 2057 3698 my.
2090 3637 2182 3696 inf.
2214 3637 2264 3684 P
2360 3636 2417 3684 18
2449 3636 2698 3698 alligasset
2716 3637 2764 3684 Β
2798 3638 2833 3694 (i
2866 3653 2925 3686 a
2948 3653 2973 3686 e
2999 3643 3098 3695 m3)

1104 3714 1163 3760 19
1196 3715 1397 3761 surrexit
1420 3719 1464 3762 et
1485 3716 1545 3762 20
1577 3715 1715 3761 stetit
1739 3715 1838 3762 PV
1913 3716 1973 3764 20
2007 3715 2310 3762 adorauerint
2333 3714 2399 3761 N‘
2426 3714 2744 3762 adorauerunt
2768 3720 2849 3764 cet.
2931 3718 2986 3765 21
3018 3717 3098 3764 dni

1099 3791 1184 3839 ihu
1219 3792 1379 3840 futura
1412 3793 1691 3840 resurrectio
1726 3792 1779 3840 N
1962 3793 2023 3840 22
2063 3793 2390 3854 hierosolymis
2434 3792 2477 3837 V
2511 3792 2832 3841 hierusolimis
2863 3796 2912 3842 Β
2945 3796 3095 3842 hiero-

1099 3870 1283 3917 solimis
1309 3871 1357 3917 P
1387 3876 1433 3924 (v
1465 3886 1502 3918 s.
1539 3887 1565 3918 o
1589 3874 1668 3932 pr'.
1702 3872 1803 3933 m2)
1835 3876 1917 3918 cet.
2046 3871 2282 3918 uidissent
2304 3871 2352 3917 Β
2375 3872 2424 3933 (n
2447 3885 2485 3918 ε.
2511 3877 2576 3928 u)
2667 3872 2728 3918 24
2762 3871 2964 3920 fructum
2988 3877 3096 3930 (om.

1100 3953 1317 4009 operum)
1350 3947 1427 3994 P‘¹
1590 3948 1882 4010 proferentes
1906 3948 1964 3997 ⁸21⁴
1999 3949 2067 4005 (ro
2101 3951 2185 3995 m2
2207 3948 2260 3995 in
2283 3953 2402 4005 ras.)
2425 3948 2555 3997 21⁰1&
2646 3949 2705 3996 ‘25
2739 3953 2980 4010 portantes
2999 3949 3101 3998 No
