4242 4694
1316 536 1391 585 ne
1422 516 1540 598 fuga
1569 534 1749 584 menn
1781 536 1825 593 7,
1856 534 2041 585 89-41
2110 535 2154 600 (1
2183 536 2278 585 433
2311 534 2505 586 0—484
2536 536 2616 597 A).
2888 540 2999 600 195

866 718 878 761 b
987 710 1289 783 deceperat
1336 706 1592 767 diabolus
1646 706 1982 767 uinceretur.
2026 711 2348 768 exercentur
2387 726 2520 785 ergo
2562 709 2799 785 decepti,
2839 714 2906 769 ιιι
2946 714 3004 769 et

983 804 1234 881 pretium
1274 805 1436 862 luant
1472 802 1762 861 facilitatis
1803 806 1863 862 et
1901 806 2127 861 sumant
2166 804 2357 863 studia
2383 805 2636 875 uirtutis,
2667 805 3000 865 industriam

989 898 1289 958 cautionis.
1329 896 1480 955 unde
1529 897 1637 955 ait:
1690 899 1928 956 estote
1976 898 2212 958 astuti
2261 902 2340 958 ut
2386 902 2783 973 serpentes.
2832 916 3002 975 quare

993 994 1148 1053 sicut
1195 995 1483 1066 serpentes
1502 995 1529 1048 P
1577 998 1642 1049 ιιι
1691 994 1751 1050 et
1787 992 1885 1049 ille
1926 992 2201 1066 spolietur
2239 1009 2359 1051 suo*
2385 995 2445 1052 et
2483 993 2580 1066 qui
2620 993 2762 1052 alios
2804 1010 3002 1052 exuere

938 1108 962 1146 ι
990 1087 1178 1146 noluit
1202 1087 1426 1144 amittat
1450 1103 1592 1159 quae
1617 1088 1751 1144 sunt
1772 1086 1954 1160 ipsius
1986 1103 2095 1144 non
2130 1102 2362 1158 uenena,
2389 1087 2487 1146 sed
2518 1087 2723 1147 merita
2749 1090 3000 1148 naturae.

991 1182 1231 1256 denique
1281 1179 1522 1238 deicitur
1566 1180 1681 1251 ille,
1723 1197 1852 1239 cum
1892 1184 1958 1240 tu
1999 1181 2333 1241 ascenderis.
2378 1182 2650 1256 scriptum
2692 1184 2783 1242 est
2820 1183 2994 1242 enim:

990 1275 1326 1334 uidebam
1366 1274 1676 1334 Satanan
1718 1275 1920 1335 sicut
1956 1275 2207 1351 fulgur
2246 1276 2620 1338 cadentem
2661 1277 2741 1336 de
2781 1278 3001 1337 caelo.

989 1389 1098 1431 non
1142 1369 1332 1445 fulgur
1370 1367 1572 1441 inquit,
1613 1367 1711 1427 sed
1752 1368 1904 1427 sicut
1942 1369 2151 1445 fulgur,
2193 1369 2325 1443 quia
2368 1387 2534 1428 enum
2566 1371 2762 1430 lumen
2795 1371 3002 1440 amisit,
3049 1375 3089 1423 F

993 1464 1143 1540 quod
1168 1463 1424 1530 habebat,
1450 1465 1746 1535 antequam
1778 1462 1884 1521 tibi
1908 1465 2073 1522 tuum
2103 1462 2295 1521 lumen
2327 1463 2505 1523 uellet
2536 1464 2770 1523 auferre.
2802 1480 3002 1522 uerum

912 1581 959 1616 ιο
994 1559 1138 1617 forte
1187 1558 1344 1615 dicas
1391 1573 1534 1631 quae
1583 1556 1650 1614 de
1699 1550 1979 1615 saluatore
2026 1557 2272 1632 leg-imus
2324 1558 2457 1631 quia
2503 1558 2703 1619 sicut
2754 1558 3005 1633 tulgur

996 1668 1386 1712 coruscans
1446 1650 1668 1709 desub
1727 1652 1925 1709 caelo
1982 1650 2085 1709 ita
2140 1651 2281 1710 erit
2327 1655 2397 1711 et
2444 1652 2799 1711 aduentus
2847 1652 3002 1711 filii

994 1746 1323 1807 hominis.
1356 1746 1497 1804 bene
1529 1747 1589 1802 et
1618 1743 1712 1803 hic
1744 1744 1896 1804 sicut
1924 1744 2135 1821 fulgur,
2169 1745 2302 1819 quia
2333 1763 2503 1822 supra
2533 1747 2741 1823 fulgur.
2766 1745 3003 1822 denique

998 1842 1186 1920 fulgur
1231 1840 1408 1899 desub
1455 1838 1633 1909 caelo,
1681 1838 1873 1897 lumen
1914 1842 2103 1903 autem
2144 1856 2342 1898 uerum
2381 1857 2550 1915 supra
2589 1842 2828 1900 caelum.
2869 1857 3002 1915 ergo

1001 1933 1232 1996 Satanas
1288 1936 1441 1994 sicut
1493 1933 1702 2010 fulgur,
1759 1934 1894 2009 qnia
1947 1933 2140 1992 amisit
2190 1934 2342 2010 quod
2395 1934 2628 1993 habuit:
2683 1937 2750 1994 tu
2814 1938 3004 1994 autem

867 2026 898 2084 1
919 2049 965 2085 ω
995 2030 1258 2105 recepisti
1305 2029 1456 2105 quod
1496 2029 1780 2088 amiseras.
1820 2045 1928 2087 non
1974 2029 2120 2087 enim
2160 2029 2243 2086 ita
2282 2029 2428 2088 circa
2466 2030 2626 2088 illum
2669 2030 2821 2089 sicut
2858 2029 3005 2089 circa
3060 2043 3063 2046 ’

1000 2127 1059 2181 te
1101 2124 1288 2181 soluta
1327 2124 1415 2182 est
1450 2123 1758 2192 sententia3
1799 2141 1931 2182 nam
1972 2122 2183 2183 Christi
2222 2124 2419 2199 gratia,
2462 2140 2605 2199 quae
2645 2127 2701 2182 te
2748 2125 3003 2193 resoluit,

1005 2216 1170 2274 illum
1203 2215 1514 2287 adstrinxit:
1555 2220 1747 2277 manet
1785 2217 1934 2276 enim
1974 2217 2295 2277 maledictio
2337 2217 2550 2277 directa
2585 2218 2644 2277 in
2692 2221 3006 2293 serpentem

1002 2313 1229 2385 propter
1289 2313 1444 2370 tuam
1499 2312 1902 2388 deceptionem.
1960 2312 2044 2371 sic
2100 2312 2247 2372 enim
2303 2312 2517 2372 dictum
2573 2316 2662 2373 est
2716 2312 2788 2371 ad
2842 2326 3005 2372 eum:

1001 2404 1439 2465 maledictus
1470 2409 1548 2465 tu
1581 2407 1660 2465 ab
1695 2407 2023 2466 omnibus
2054 2406 2448 2482 pecoribus
2468 2408 2731 2466 terrae.
2757 2407 3178 2466 omnium484A

917 2526 970 2562 ιο
1001 2498 1146 2557 enim
1211 2501 1525 2559 communis
1588 2500 1853 2559 inimicus
1919 2505 2009 2560 est
2066 2501 2164 2575 qui
2218 2501 2332 2559 fuit
2383 2501 2565 2560 hostis
2621 2501 2894 2560 bonorum
2950 2503 3009 2559 et

997 2611 1098 2669 pro
1163 2594 1235 2652 iis
1301 2595 1598 2654 damnatur
1660 2612 1800 2670 quos
1868 2595 2053 2654 adhuc
2115 2612 2225 2655 non
2275 2597 2535 2666 iaeserint,
2592 2595 2854 2670 quoniam
2909 2595 3007 2670 qui

995 2690 1286 2748 hominem
1331 2689 1519 2759 laesit,
1568 2691 1662 2749 cui
1710 2690 1810 2748 illa
1857 2691 2114 2749 subiecta
2166 2691 2353 2749 omnia
2405 2693 2555 2761 sunt,
2594 2691 2765 2749 laesit
2803 2690 3004 2749 omnia.

998 2800 1353 2844 communem
1394 2784 1603 2843 etenim
1640 2784 1825 2860 legem
1865 2786 2059 2854 soluit,
2087 2786 2222 2860 quia
2249 2785 2373 2860 ipse
2404 2785 2618 2844 homini
2651 2803 2781 2844 cum
2809 2784 3006 2843 ceteris

1000 2878 1262 2936 subditus
1313 2882 1418 2937 est.
1472 2879 1596 2937 ideo
1647 2878 1929 2937 communi
1979 2878 2105 2938 odio
2157 2882 2323 2954 atque
2373 2880 2717 2939 execratione
2759 2880 3005 2938 omnium

923 2995 972 3033 ιε
1002 2971 1317 3030 maledictio
1360 2973 1481 3032 eius
1524 2977 1797 3033 oneratur.
1842 2990 2018 3049 genus
2061 2977 2248 3032 autem
2291 2973 2663 3033 damnationis
2695 2991 2804 3032 nou
2836 2991 3006 3043 mors,

1159 3142 1187 3190 3
1220 3141 1392 3191 Motu».
1431 3144 1502 3198 10.
1541 3142 1597 3191 16
1679 3144 1705 3191 7
1738 3141 1851 3191 Luc.
1888 3143 1960 3198 10.
1998 3142 2056 3191 18
2144 3143 2202 3190 10
2234 3142 2350 3192 Luc.
2382 3144 2455 3199 17,
2489 3144 2552 3192 24
2640 3143 2699 3191 19
2731 3141 2851 3192 Gen.
2876 3142 2920 3199 3,
2950 3143 3010 3190 14

1067 3252 1090 3299 1
1127 3253 1184 3298 ιιι
1211 3266 1249 3299 e.
1281 3266 1330 3299 u.
1364 3256 1449 3301 m2
1479 3254 1527 3301 A
1708 3254 1736 3301 3
1771 3253 1999 3301 cautionis
2031 3254 2078 3301 A
2113 3253 2154 3311 (1
2184 3259 2245 3300 nv
2278 3256 2363 3300 m2
2391 3269 2430 3302 e.
2462 3254 2558 3316 nie)
2590 3252 2863 3301 cantionum
2899 3256 2953 3312 (e.
2985 3253 3010 3299 l*

1001 3329 1096 3388 nis)
1138 3329 1184 3378 T
1304 3335 1361 3379 ut
1392 3334 1438 3381 A
1472 3333 1529 3395 (e.
1562 3335 1645 3379 m2
1675 3332 1699 3379 1
1729 3333 1816 3391 sic)
1850 3333 1975 3380 sicut
2006 3332 2109 3381 NT
2241 3333 2300 3381 10
2333 3346 2424 3395 qne
2455 3335 2504 3382 A
2539 3336 2593 3392 (s.
2626 3333 2710 3379 ΜΒ
2739 3331 2764 3378 1
2794 3331 2907 3393 quia
2939 3334 3005 3384 et)

1003 3408 1116 3469 quia
1149 3411 1200 3457 et
1229 3409 1286 3458 N
1313 3415 1359 3458 et
1392 3414 1463 3468 (et
1491 3425 1529 3459 s.
1561 3415 1630 3470 u.)
1671 3410 1717 3458 T
1811 3412 1864 3459 11
1903 3425 2175 3460 corruscans
2206 3412 2255 3459 A
2360 3411 2417 3459 12
2452 3411 2564 3474 quia
2595 3412 2646 3458 et
2675 3409 2754 3458 hic
2786 3423 2928 3471 supra
2957 3408 3014 3455 N

1007 3487 1065 3536 15
1089 3487 1302 3549 recipisti
1326 3489 1417 3538 Aa
1515 3490 1573 3538 16
1599 3505 1718 3553 quae
1741 3490 1832 3538 tibi
1857 3489 2082 3542 P210¹0¹¹
2102 3497 2147 3539 et
2174 3490 2241 3551 (bi
2267 3493 2408 3550 eras)
2439 3489 2481 3537 0
2501 3504 2594 3553 que
2617 3489 2773 3537 tibiA
2800 3491 2856 3547 (s.
2881 3489 2965 3536 '122
2985 3488 3008 3535 1

1006 3579 1097 3627 que
1121 3569 1191 3625 te)
1219 3581 1339 3668 ‘9¹⁸⁶
1364 3569 1415 3616 te
1438 3568 1498 3618 W
1522 3570 1588 3628 (te
1613 3584 1671 3617 ex
1693 3570 1785 3618 tibi
1801 3572 1902 3630 m2)
2002 3569 2060 3618 18
2086 3570 2154 3619 sic
2170 3570 2218 3618 A
2243 3571 2302 3630 (s.
2318 3569 2448 3618 met
2469 3570 2612 3627 sicut)
2708 3569 2765 3616 21
2793 3567 2869 3614 his
2897 3567 3012 3615 libri

1004 3677 1065 3724 22
1099 3663 1317 3726 subiecta
1349 3663 1510 3726 omnia
1540 3681 1654 3727 eunt
1674 3680 1723 3727 A
1748 3681 1805 3741 (A
1835 3683 1936 3739 m2)
1972 3681 2130 3729 omnia
2161 3680 2379 3729 subiecta
2409 3682 2520 3728 sunt
2541 3678 2775 3729 wC‘ET
2796 3678 3012 3726 subiecta

1005 3758 1118 3802 sunt
1150 3756 1310 3803 omnia
1345 3756 1387 3803 Ο
1462 3759 1523 3806 23
1555 3758 1732 3806 etenim
1764 3760 1813 3807 A
1847 3761 1917 3821 (et
1947 3774 2051 3821 cap.
2085 3763 2186 3818 m2)
2220 3760 2295 3810 π’
2329 3761 2400 3817 (et
2429 3773 2466 3807 s.
2499 3760 2570 3819 u.)
2605 3758 2731 3806 enim
2762 3758 2807 3804 Τ
2898 3757 3012 3817 quia

1005 3848 1065 3881 ex
1097 3848 1189 3896 qua
1219 3835 1263 3885 21
1297 3849 1391 3896 qua
1421 3834 1489 3882 N‘
1586 3841 1635 3883 et
1666 3838 1769 3900 ipse
1802 3839 1849 3886 A
1884 3840 1955 3897 (et
1984 3853 2022 3886 e.
2056 3853 2104 3887 u.
2138 3841 2238 3897 m2)
2262 3838 2491 3889 mrwr
2519 3841 2570 3885 et
2599 3836 2694 3897 ipsi
2713 3836 2766 3884 Ε
2825 3836 2887 3883 24
2910 3849 3009 3882 om-

1006 3912 1136 3959 nium
1161 3917 1276 3983 poet
1307 3913 1417 3961 odio
1449 3920 1777 3976 transponunt
1808 3916 1884 3968 ἶν’
1917 3922 1962 3965 et
1995 3918 2068 3977 (in
2101 3931 2193 3978 quo
2225 3921 2370 3978 atque
2402 3918 2456 3963 in
2485 3920 2596 3977 my.)
2629 3914 2683 3963 E
2773 3915 2834 3962 25
2864 3912 3010 3961 hone-

1007 3993 1138 4038 ratur
1171 3991 1338 4039 APC'“
1465 3993 1816 4056 dampnationis
1847 3995 1941 4043 ΡΟ

2865 4086 2949 4134 13*
