4242 4694
1096 547 1207 606 214
1917 540 2257 589 Ambrosii

1096 716 1427 774 delitiscere.
1463 713 1752 771 considera
1780 712 1961 780 illum,
1998 712 2062 769 de
2095 728 2205 785 quo
2240 711 2317 768 ait
2348 711 2403 769 iu
2436 710 2833 768 Ecclesiastico
2870 709 3097 769 Sirach:

1098 810 1320 868 omnis
1369 809 1568 866 homo
1616 806 2164 882 transgrediens
2211 807 2278 864 in
2334 808 2526 864 lecto
2585 822 2729 874 suo,
2788 807 3099 863 contem·

1097 920 1266 963 nens
1340 906 1408 960 et
1479 902 1723 960 dicens
1795 903 1862 958 in
1937 902 2167 960 anima
2228 917 2383 958 sua:
2447 899 2607 974 quis
2680 914 2781 956 me
2846 897 3099 957 uidet?

1097 999 1434 1056 tenebrae
1471 996 1916 1055 circumdant
1947 1014 2047 1054 me
2089 999 2157 1053 et
2187 995 2524 1070 parietes.
2560 1010 2762 1068 quem
2794 995 3098 1051 uereor?

1093 1110 1275 1151 nonne
1331 1090 1434 1149 tibi
1492 1092 1715 1149 uidet-ur
1768 1092 1876 1148 iste
1934 1107 2064 1147 uere
2121 1106 2244 1147 esse
2294 1087 2717 1155 mercennarius,
2768 1087 2868 1160 qui
2909 1129 3098 1144 .....
3146 1110 3166 1145 ⁵

1097 1186 1413 1262 prodegerit
1443 1191 1508 1244 ut
1538 1187 1633 1244 ille
1675 1185 1999 1243 adulescens
2041 1184 2095 1240 in
2130 1183 2437 1258 euangelio,
2472 1183 2568 1256 qui
2597 1182 2806 1256 legitur
2836 1183 3102 1256 acceptae

1100 1299 1131 1338 a
1178 1283 1334 1354 patre
1387 1280 1733 1338 substantiae
1782 1278 2091 1352 portionem
2144 1320 2333 1336 .....
2378 1280 2434 1335 et
2483 1293 2650 1351 egens
2698 1278 2868 1350 atque
2918 1275 3101 1350 inops,
3188 1280 3218 1330 P

1101 1392 1209 1448 quo
1250 1375 1451 1432 famem
1492 1376 1723 1444 leuaret,
1765 1390 1988 1447 pascere
2030 1390 2227 1447 greges
2269 1371 2453 1446 coepit
2485 1370 2713 1439 alienos,
2744 1372 2812 1427 ut
2843 1368 3103 1427 mercede

1100 1472 1388 1543 sumptum
1423 1472 1697 1527 exerceret
1729 1470 1932 1526 suum?
1968 1468 2066 1525 sed
2098 1468 2193 1525 ille
2227 1470 2409 1524 tamen
2445 1463 2738 1537 aliquando
2772 1480 3103 1529 conuersus,

1103 1563 1233 1637 quia
1288 1564 1523 1621 reuertit
1576 1562 1644 1619 ad
1701 1567 1912 1635 patrem
1970 1566 2025 1619 et
2079 1565 2310 1636 peccata
2357 1577 2462 1616 sua
2509 1576 2615 1616 non
2668 1558 2955 1632 repressit,
3004 1557 3108 1616 sed
3134 1581 3175 1618 ιο

1103 1656 1369 1733 prodidit:
1411 1657 1503 1714 hic
1543 1661 1731 1714 autem
1773 1656 1866 1729 qui
1910 1673 1968 1714 se
2011 1656 2292 1714 existimat
2330 1655 2398 1711 ab
2442 1672 2506 1712 eo
2549 1654 2645 1727 qui
2685 1652 2870 1711 omnia
2911 1651 3108 1711 uideat

1104 1769 1209 1810 non
1274 1750 1452 1808 uideri
1517 1754 1575 1808 et
1637 1750 1877 1807 tenebris
1942 1754 2103 1823 putat
2166 1750 2467 1807 commissa
2530 1765 2632 1805 sua
2693 1762 2860 1821 posse
2933 1745 3108 1804 celari

1104 1845 1357 1902 umbram
1408 1845 1735 1918 praetendit,
1786 1844 1883 1901 sed
1931 1844 2139 1902 frustra
2183 1844 2355 1901 latere
2397 1861 2457 1901 se
2498 1842 2687 1908 credit,
2731 1858 2859 1899 cum
2903 1841 3108 1899 oculus

1105 1939 1312 1998 domini
1375 1938 1612 1996 lucidior
1675 1941 1792 1998 sole
1850 1939 2070 1997 occulta
2126 1938 2309 1996 omnia
2365 1935 2754 2012 deprehendat,
2808 1933 3109 1993 tenebrosa
3179 1939 3235 1990 σε

1103 2033 1400 2090 inluminet
1440 2037 1497 2091 et
1533 2033 1718 2090 intimi
1758 2033 1938 2091 cordis
1978 2035 2231 2107 penetret
2270 2031 2662 2090 conscientiam
2697 2035 2863 2103 atque
2896 2030 2957 2086 in
2990 2029 3110 2086 alta
3139 2051 3181 2087 a

1105 2130 1162 2184 et
1215 2126 1489 2201 profunda
1543 2127 1860 2185 descendat.
1918 2144 2096 2184 uanus
2147 2143 2276 2200 ergo
2327 2125 2424 2199 qui
2472 2129 2635 2199 putat
2679 2124 2928 2181 tenebris
2979 2138 3108 2181 esse

1106 2236 1167 2277 se
1205 2222 1411 2288 tutum,
1453 2236 1582 2277 cum
1613 2220 1795 2279 lucem
1831 2220 2009 2277 uitare
2042 2236 2147 2277 non
2179 2218 2376 2293 possit,
2411 2236 2551 2292 quae
2583 2218 2738 2275 lucet
2766 2218 2822 2275 in
2857 2216 3108 2277 tenebris

1105 2316 1162 2370 et
1200 2314 1457 2370 tenebrae
1499 2331 1620 2371 eam
1662 2331 1766 2372 non
1810 2312 2279 2387 conprehendunt.
2320 2313 2483 2386 quasi
2513 2311 2792 2387 fugitiuus
2823 2311 3016 2386 itaque
3050 2314 3111 2370 et

1106 2407 1288 2462 malus
1347 2405 1757 2464 mercennarius
1815 2404 2241 2480 deprehenditur
2287 2409 2345 2463 et
2390 2410 2686 2479 antequam
2741 2422 2801 2462 se
2859 2405 3113 2465 occultet

1106 2500 1443 2572 agnoscitur,
1471 2501 1601 2572 quia
1633 2499 1856 2557 domino
1894 2500 2077 2557 omnia
2108 2503 2404 2573 antequam
2438 2503 2668 2572 quaerat
2708 2499 2934 2573 cognita
2972 2502 3111 2558 suut
3139 2522 3187 2560 ιο

1107 2610 1215 2651 non
1255 2595 1437 2651 solum
1479 2610 1619 2667 quae
1659 2593 1824 2661 facta,
1867 2594 1965 2651 sed
2006 2594 2173 2651 etiam
2214 2610 2353 2667 quae
2394 2595 2600 2652 futura.
2641 2595 2786 2667 perit
2821 2593 3000 2669 igitur
3045 2594 3105 2652 in
3207 2600 3235 2650 E

1107 2705 1288 2746 uacua
1327 2705 1425 2761 spe
1468 2688 1563 2761 qui
1603 2690 1766 2761 putat
1805 2687 1951 2761 quod
1992 2705 2157 2745 suum
2190 2688 2395 2745 crimen
2429 2687 2761 2745 abscondat:
2796 2686 2988 2746 fabula
3017 2691 3111 2746 est

1107 2782 1237 2852 ista,
1286 2799 1390 2839 non
1451 2781 1675 2840 ueritas.
1735 2782 1971 2856 denique
2029 2782 2277 2838 fabula
2330 2781 2779 2854 peccantium
2838 2780 3108 2853 odiosa,

1265 3011 1295 3059 2
1328 3010 1417 3059 Sir.
1450 3010 1529 3069 23,
1563 3010 1623 3060 18
1657 3012 1738 3071 (25
1771 3016 1863 3074 sq.)
1974 3013 2003 3061 6
2037 3011 2149 3060 Luc.
2185 3011 2257 3071 15,
2295 3010 2351 3059 12
2377 3026 2480 3074 sqq.
2568 3011 2644 3060 -13
2678 3011 2768 3060 Sir.
2800 3010 2877 3069 23,
2914 3011 2973 3059 19
3007 3010 3110 3075 (28)

1112 3090 1168 3139 17
1199 3090 1303 3138 Ioh.
1333 3090 1375 3147 1,
1402 3091 1432 3139 5
1518 3090 1579 3139 23
1607 3090 1696 3139 Sir.
1727 3091 1805 3148 27,
1840 3091 1897 3139 13
1933 3091 2031 3150 (14)

1177 3209 1198 3254 1
1235 3207 1511 3257 delitescere
1542 3208 1591 3257 P
1621 3210 1668 3267 (c
1701 3209 1786 3257 alt,
1822 3224 1879 3257 ea:
1910 3210 1927 3257 i
1958 3214 2058 3268 m2)
2094 3216 2175 3259 cet.
2284 3208 2650 3267 ecclesiasticos;
2674 3208 2724 3256 P
2754 3211 2797 3267 (s
2829 3207 2944 3271 del.)
3037 3209 3113 3258 ira

1107 3284 1201 3333 PC
1228 3286 1382 3334 sirach
1415 3288 1461 3334 Β
1495 3287 1569 3345 (ch
1602 3301 1640 3335 e.
1674 3302 1723 3337 u.
1755 3290 1856 3346 m2)
1890 3303 2023 3350 syrac
2060 3288 2107 3335 D
2139 3288 2260 3335 sirac
2291 3288 2350 3334 P‘
2477 3287 2506 3334 2
2540 3289 2874 3349 contempnens
2907 3285 3117 3334 PDP¹G

1110 3367 1437 3426 contemp-ens
1469 3364 1517 3412 B
1547 3366 1591 3427 (t
1622 3379 1763 3423 crae„
1796 3381 1827 3412 n
1859 3381 1897 3415 s.
1931 3368 2050 3427 ras.)
2144 3367 2174 3414 3
2210 3365 2333 3413 uidit
2365 3365 2414 3412 P
2501 3367 2531 3412 4
2565 3364 2861 3414 circumdant
2891 3364 2940 3412 Β
2972 3363 3115 3421 (daut

1109 3457 1168 3489 ex
1200 3441 1396 3501 dabunt)
1521 3443 1728 3505 parietes
1760 3444 1809 3490 P
1840 3448 1910 3501 (es
1942 3458 2001 3491 ex
2032 3444 2073 3490 is
2104 3447 2205 3500 m2)
2319 3446 2349 3492 5
2382 3457 2494 3490 uere
2525 3441 2671 3490 PBD
2701 3441 2777 3490 uir
2806 3441 2916 3489 1²¹0
3037 3443 3111 3490 la-

1109 3534 1276 3567 cunam
1306 3520 1600 3581 siymficam',
1634 3536 1722 3570 sua
1755 3521 1869 3569 add.
1904 3521 1975 3569 ed.
1998 3521 2155 3577 Rom„
2180 3520 2264 3568 sed
2286 3521 2441 3581 plura
2474 3521 2702 3568 excidisse
2724 3518 3111 3580 “mansum

1110 3597 1217 3645 aliis
1249 3597 1449 3656 laboret,
1482 3612 1586 3647 cum
1619 3614 1706 3647 sua
1812 3600 1841 3647 6
1874 3598 2138 3661 prodiderit
2167 3599 2282 3648 DP¹
2407 3599 2527 3647 utile
2560 3597 2827 3646 aduliscens
2858 3596 2908 3644 P
3031 3611 3111 3645 ac-

1109 3680 1246 3740 cepte
1276 3677 1483 3726 PBDP¹
1515 3679 1752 3740 accepisse
1778 3680 1923 3726 Bm?
1943 3680 1999 3727 in
2022 3694 2111 3740 my.
2148 3678 2189 3725 G
2258 3680 2285 3727 7
2317 3679 2534 3726 lacunam
2564 3676 2789 3724 indicaui
2850 3676 2881 3724 9
2914 3689 3110 3724 conuer-

1109 3769 1190 3803 sus
1215 3758 1289 3803 est
1304 3755 1352 3802 Β
1374 3757 1468 3818 (est
1488 3770 1526 3803 ε.
1544 3771 1592 3805 u.
1610 3752 1712 3819 πελ»)
1727 3757 1840 3806 DP‘
1934 3756 2189 3804 reuertitur
2205 3756 2253 3803 Β
2276 3756 2352 3817 (ur
2372 3769 2409 3803 s.
2435 3771 2483 3803 u.
2501 3757 2602 3817 ΜΒ)
2619 3752 2731 3801 DP‘
2797 3754 2852 3801 11
2881 3752 3113 3810 uidestB

1110 3832 1245 3881 uidet
1275 3833 1435 3881 ΠΡΟ
1528 3835 1584 3882 16
1616 3835 1664 3883 iu
1699 3834 1908 3883 tenebris
1943 3834 1986 3881 0
2078 3836 2135 3882 17
2169 3848 2220 3881 sa·
2253 3848 2356 3881 esse
2389 3832 2451 3889 B,
2477 3847 2527 3881 se
2560 3846 2649 3881 om.
2679 3831 2723 3879 0
2843 3833 2998 3879 totum
3022 3828 3118 3881 ΡΟ

1110 3911 1167 3957 21
1209 3912 1333 3971 fort.
1366 3911 1496 3960 sacta
1534 3915 1646 3961 suut
1831 3912 1994 3961 futura
2031 3915 2145 3960 sunt
2175 3912 2289 3961 DP¹
2477 3910 2686 3973 repperit
2718 3909 2771 3958 D
2812 3913 2911 3973 (rep
2935 3913 3113 3971 postea

1112 3989 1248 4049 add.)
1282 3990 1340 4038 Ρ
1435 3991 1497 4040 23
1537 3990 1704 4039 odiosa
1735 3991 1782 4039 Β
1817 3991 2159 4055 (προσόχθιπμα
2189 3989 2360 4048 LXX)
2395 3990 2550 4038 otiosa
2581 3994 2665 4037 cet.
