4242 4694
1207 697 1321 754 216
2022 695 2368 744 Ambrosii

1206 863 1542 936 aperientem
1594 862 1785 921 oculos
1835 862 1905 920 ad
1954 862 2233 920 caelestia.
2283 879 2462 921 nonne
2509 863 2616 921 tibi
2653 864 2888 925 uidetur
2926 868 3091 929 sicut
3127 873 3217 946 qui

1204 958 1259 1014 in
1311 958 1521 1015 somnis
1568 957 1796 1014 bibebat
1843 956 2052 1015 bibisse
2102 960 2159 1015 et
2198 957 2348 1015 sicut
2387 958 2485 1031 qui
2522 958 2580 1015 in
2622 959 2837 1019 somnis
2881 964 3219 1037 epulabatur

1205 1053 1484 1126 epulatus,
1536 1052 1822 1125 aperuisse
1871 1054 2057 1108 autem
2108 1052 2301 1112 oculos
2349 1054 2408 1110 et
2454 1053 2786 1127 cognouisse
2835 1057 3000 1129 quod
3042 1060 3220 1118 anima

1204 1147 1326 1204 eius
1382 1147 1542 1203 inane
1599 1146 1848 1218 sperauit
1903 1149 1960 1201 et
2014 1144 2195 1203 adhuc
2252 1145 2462 1203 esuriat
2517 1149 2576 1205 et
2623 1147 2804 1207 adhuc
2855 1149 3044 1219 sitiat,
3096 1153 3222 1225 quia

1206 1240 1432 1297 modum
1472 1256 1578 1297 non
1613 1240 1782 1297 habet
1812 1238 2050 1296 auaritia
2082 1255 2181 1296 nec
2212 1239 2474 1314 rapiendo
2509 1242 2776 1316 expletur,
2811 1243 2916 1302 sed
2946 1245 3224 1304 incitatur
3260 1267 3281 1304 1

1203 1334 1311 1391 hoc
1353 1333 1622 1408 egentior,
1666 1350 1776 1405 quo
1817 1334 1981 1406 plura
2021 1333 2412 1406 quaesiuerit?
2453 1337 2510 1392 et
2546 1334 2639 1393 bic
2681 1352 2811 1411 ergo
2853 1340 3128 1411 surrexit„
3170 1348 3224 1398 et

1203 1445 1412 1485 uanum
1456 1430 1543 1485 est
1583 1428 1883 1484 somnium.
2621 1430 2628 1436 '

1044 1517 1200 1593 4,10
1281 1520 1389 1580 Sed
1444 1522 1648 1579 iterum
1704 1522 1889 1594 ipsum
1949 1521 2241 1579 audiamus
2308 1521 2602 1581 dicentem.
2667 1524 3084 1584 incumbebant
3138 1527 3222 1587 illi
3280 1530 3296 1580 1

1086 2837 1146 2893 1]

1203 1615 1387 1684 amici,
1440 1615 1535 1688 qui
1585 1615 1654 1672 ad
1695 1614 2092 1673 consolandum
2136 1619 2416 1685 uenerant,
2459 1620 2515 1675 et
2552 1619 2713 1691 quasi
2749 1618 2965 1676 inimici
3010 1622 3220 1679 amaris

1203 1727 1330 1767 eum
1382 1709 1797 1784 perurguebant
1845 1709 2210 1767 sermonibus.
2260 1727 2435 1767 unum
2477 1711 2622 1768 enim
2665 1712 3093 1788 solaciigenus
3136 1717 3284 1775 estu

1200 1804 1257 1860 in
1314 1819 1576 1860 aerumna
1632 1807 1690 1860 et
1744 1803 2113 1861 amaritudine
2171 1803 2492 1862 constitutis
2549 1803 2716 1880 culpa
2761 1822 2982 1876 uacare,
3036 1811 3112 1866 ut
3155 1825 3219 1867 ea

1201 1915 1343 1971 quae
1398 1898 1784 1971 perpetiuntur
1839 1897 2074 1955 aduersa
2127 1914 2235 1956 non
2291 1914 2390 1971 pro
2448 1898 2640 1956 delicti
2694 1899 2873 1972 pretio
2932 1902 3218 1961 sustinere

1205 1991 1513 2050 uideantur.
1581 1992 1686 2050 hoc
1743 2009 1962 2065 quoque
2019 1992 2141 2049 uiro
2201 1995 2393 2050 sancto
2451 1992 2694 2051 adimere
2751 1994 3099 2068 gestiebant,
3154 2000 3220 2055 ut

1201 2086 1485 2144 uideretur
1531 2086 1651 2159 ipse
1701 2102 1835 2144 suae
1886 2092 2082 2144 auctor
2129 2101 2440 2157 aerumnae,
2490 2088 2587 2161 qui
2632 2088 2881 2161 peccatis
2939 2090 3215 2163 grauibus

1201 2180 1410 2238 domini
1465 2180 1833 2237 contraxisset
1887 2181 2152 2237 offensam
2209 2183 2268 2237 et
2321 2197 2419 2253 pro
2477 2179 2862 2256 impietatibus
2920 2182 3047 2241 suis
3120 2183 3215 2242 illa
3246 2206 3283 2244 15

1200 2275 1480 2344 toleraret,
1531 2274 1910 2332 describentes
1962 2274 2261 2346 impiorum
2304 2274 2597 2348 supplicia,
2641 2276 2738 2349 qui
2778 2275 2920 2332 uitia
2962 2280 3215 2336 sererent

1201 2372 1258 2425 et
1297 2373 1568 2426 meterent
1608 2368 1715 2425 sibi
1758 2368 1996 2439 dolona,
2040 2368 2191 2441 quod
2222 2369 2481 2426 mandato
2514 2369 2757 2442 perirent
2789 2369 2877 2426 dei
2912 2373 2973 2428 et
3003 2371 3215 2445 spiritu

1198 2463 1311 2520 irae
1359 2464 1537 2537 ipsius
1581 2463 1891 2531 interirent,
1943 2463 2039 2537 qui
2087 2463 2399 2521 insufflaret
2437 2464 2631 2521 domos
2670 2464 2855 2522 luteas
2896 2464 3217 2525 inhabitan—

1199 2556 1352 2613 tibus
1413 2560 1471 2614 et
1525 2560 1851 2625 arescerent,
1911 2556 2280 2630 cogitationes
2331 2556 2666 2615 destitueret
2714 2562 3099 2632 umentorum,
3153 2580 3217 2620 os

1201 2651 1516 2709 obstrueret
1554 2651 1769 2708 iniusti.
1813 2668 1954 2725 quae
1996 2667 2129 2707 uera
2168 2650 2395 2725 quidem
2429 2651 2498 2707 de
2532 2651 2740 2708 domini
2774 2655 3076 2724 potestate,
3115 2656 3218 2714 sed
3246 2680 3288 2716 ω

1199 2761 1308 2802 non
1381 2744 1768 2802 conuenientia
1838 2744 1982 2802 tanti
2055 2744 2163 2801 uiri
2225 2744 2440 2802 meritis
2507 2745 2851 2803 adserebant.
2918 2746 3010 2806 his
3074 2766 3218 2825 ergo

1199 2837 1519 2911 respondit:
1577 2839 1642 2895 in
1701 2838 2020 2895 ueritate
2078 2839 2243 2895 noui
2302 2839 2469 2911 quia
2524 2839 2625 2896 ita
2674 2842 2799 2898 est.
2858 2844 3219 2914 quomodo

1200 2933 1379 2990 enim
1452 2932 1696 2991 iustus
1768 2933 2103 2991 mortalis
2176 2933 2354 3007 apud
2429 2934 2832 2991 dominum?
2898 2935 2958 2992 si
3026 2938 3219 2996 euim

1201 3027 1529 3084 uoluerit
1583 3027 1862 3085 iudicio
1923 3028 2352 3085 contendere
2413 3044 2561 3085 cum
2613 3046 2708 3098 ee,
2775 3046 2907 3086 non
2958 3030 3222 3092 audiet

1199 3122 1425 3190 illum,
1476 3125 1728 3179 utnon
1783 3121 1864 3179 ad
1911 3138 2119 3178 unum
2169 3122 2462 3179 uerbum
2515 3125 2669 3180 eius
2711 3122 2913 3181 mille
2954 3140 3296 3190 sermo-a

1202 3216 1412 3274 nibus
1465 3216 1945 3274 contradicat.
1988 3216 2280 3289 sapiens
2324 3220 2435 3273 est
2476 3216 2657 3272 enim
2699 3216 3100 3278 intellectu
3131 3225 3224 3280 et

1356 3386 1414 3434 16
1444 3384 1533 3432 101>
1566 3387 1611 3442 4,
1646 3384 1675 3432 s
1701 3398 1772 3445 sq.
1839 3385 1898 3432 1s
1930 3384 2032 3432 Iob.
2065 3373 2111 3441 4,
2149 3385 2207 3432 19
2241 3388 2291 3432 et
2323 3384 2380 3432 21
2452 3385 2510 3431 19
2541 3383 2626 3435 191>
2661 3387 2705 3442 5,
2742 3387 2799 3434 13
2834 3388 2885 3433 et
2911 3387 2969 3435 16
3035 3388 3101 3437 22
3123 3388 3219 3439 Iob

1196 3464 1241 3521 9,
1275 3465 1424 3512 2-11

1256 3575 1285 3624 l
1322 3573 1541 3636 aperiunt
1569 3573 1684 3622 DP‘
1826 3574 1855 3621 2
1888 3573 2066 3621 somnia
2098 3573 2147 3620 Β
2177 3574 2257 3636 (ex
2287 3572 2502 3630 somniis)
2536 3573 2733 3620 somniis
2765 3572 2878 3620 DP‘
3005 3573 3219 3628 bibebat

1198 3689 1209 3700 .
1230 3689 1241 3700 .
1260 3689 1272 3700 .
1290 3652 1465 3700 somnis
1491 3666 1581 3700 om.
1599 3651 1711 3700 DP‘
1807 3651 2029 3713 epulatur
2052 3651 2234 3714 epulari
2250 3651 2363 3700 DP'
2444 3652 2472 3699 3
2501 3653 2656 3698 autem
2684 3666 2773 3700 οηι.
2791 3651 2906 3699 DP'
2983 3654 3015 3700 4
3039 3657 3096 3701 et
3122 3657 3215 3705 alt.

1194 3769 1285 3804 om.
1318 3755 1432 3804 DP‘
1510 3755 1541 3803 5
1573 3754 1778 3802 auaritia
1808 3751 1857 3800 P
1889 3757 1937 3812 (a
1967 3755 2056 3804 ult.
2091 3768 2149 3802 ex
2181 3752 2228 3814 a)
2307 3755 2335 3802 6
2370 3753 2629 3814 quaesierit
2661 3753 2708 3799 B
2791 3755 2850 3801 10
2882 3755 3045 3816 unum]
3079 3763 3138 3804 ut
3161 3758 3219 3805 D

1198 3838 1241 3892 (t
1269 3835 1326 3882 in
1357 3837 1477 3892 ras.)
1512 3834 1573 3880 P‘
1735 3833 1788 3880 11
1826 3832 1893 3895 et]
1928 3836 1979 3880 et
2010 3833 2057 3880 in
2092 3832 2205 3881 DP‘
2287 3841 2290 3845 ’
2348 3831 2637 3879 constitutus
2670 3833 2719 3879 P
2859 3848 2887 3880 a
2921 3834 3059 3894 culpa
3094 3835 3218 3884 DP'

1196 3913 1256 3961 12
1292 3911 1456 3961 delicti
1486 3911 1535 3959 Β
1569 3911 1605 3970 (i
1639 3913 1724 3960 alt.
1759 3926 1818 3958 ex
1849 3926 1878 3959 a
1908 3914 2005 3967 1²22,
2039 3926 2128 3959 om.
2163 3914 2278 3971 non)
2411 3912 2467 3960 15
2501 3912 2788 3958 contraxisse
2822 3911 2870 3958 Β
2990 3913 3047 3960 16
3081 3915 3214 3963 tole-

1194 3994 1348 4037 rasset
1377 3989 1426 4035 B
1587 3989 1644 4037 17
1678 3987 1904 4036 mandato
1937 3989 1986 4036 Β
2020 3992 2115 4047 (-ta
2146 3989 2246 4048 m2)
2277 3987 2507 4035 mandata
2537 3994 2619 4036 cet.
2811 3989 3020 4051 perirent
3049 3989 3220 4042 BP¹C¹

1196 4067 1435 4129 operirent
1465 4066 1565 4115 ΡΒ
1685 4066 1744 4115 18
1775 4066 1978 4128 irae-ed.
2012 4066 2150 4114 Rom.
2189 4065 2350 4128 (ὀργῆς
2382 4066 2560 4122 LXX)
2596 4067 2725 4114 uitae
2761 4067 2876 4115 libra·
3019 4067 3075 4115 19
3111 4072 3211 4118 ari-

1195 4146 1381 4192 scerent
1410 4144 1459 4191 P
1583 4143 1902 4192 destituerent
1932 4142 1981 4190 Β
2074 4144 2135 4191 23
2169 4145 2295 4191 ειιῖ111
2328 4146 2404 4191 est
2432 4144 2481 4190 B
2609 4143 2747 4192 deum
2786 4145 2829 4191 B
