4242 4694
1112 534 1230 594 414
1931 524 2280 580 Ambrosii

1109 709 1235 766 ante
1284 722 1451 781 qnam
1501 722 1685 775 curru,
1732 704 1875 762 hano
1921 702 2289 761 hereditatem
2332 702 2652 763 sobrietatis
2693 704 3013 765 abstemiae
3056 706 3125 765 ad

1107 801 1327 860 eaelum
1376 800 1568 860 abiens
1619 799 1896 873 discipulo
1946 797 2262 871 dereliquit,
2309 797 2367 857 in
2415 798 2518 857 hae
2559 797 2770 857 uirtute
2812 802 2872 858 et
2914 800 3119 875 spiritu

1105 895 1304 953 Heliae
1358 894 1516 953 uenit
1568 893 1862 953 Iohannes.
1921 891 2158 966 denique
2213 891 2271 949 in
2327 891 2546 951 deserto
2605 896 2662 952 et
2714 894 2812 952 ille
2876 896 3121 953 uacabat

1105 989 1363 1057 ieiuniis3
1415 1006 1545 1048 esea
1591 992 1781 1047 autem
1829 987 1951 1046 eius
2002 989 2121 1045 erat
2166 986 2419 1046 locustae
2469 990 2526 1045 et
2573 988 2685 1046 mel
2732 987 3018 1048 siluestre.
3062 992 3119 1048 et

1104 1083 1229 1143 ideo
1256 1083 1353 1159 qui
1383 1083 1534 1159 uitae
1565 1082 1838 1140 humanae
1870 1080 2303 1156 possibilitatem
2338 1081 2679 1140 continentia
2709 1098 3114 1159 supergressus
3156 1097 3178 1134 ⁸

1105 1178 1306 1249 fuerat,
1354 1195 1469 1236 non·
1513 1176 1700 1245 homo,
1751 1175 1850 1234 sed
1898 1175 2129 1251 angelus
2181 1175 2510 1235 aestimatus
2553 1179 2657 1235 est.
2700 1175 2767 1233 de
2804 1176 2933 1250 ipso
2973 1177 3114 1253 legi-
3190 1186 3212 1238 0

1106 1289 1266 1331 mus:
1338 1271 1535 1329 etiam
1606 1271 1756 1345 plus
1821 1287 2011 1344 quam
2074 1269 2410 1344 propheta.
2476 1270 2584 1328 hie
2648 1276 2774 1339 est,
2840 1271 2920 1328 de
2987 1288 3111 1346 quo

1108 1367 1432 1441 scriptum
1473 1368 1610 1423 est:
1652 1382 1803 1423 ecce
1844 1363 2040 1423 mitto
2083 1365 2387 1440 angelum
2429 1382 2639 1423 meum
2682 1367 2830 1423 ante
2869 1365 3111 1424 faeiem

1105 1463 1308 1529 tuam,
1351 1458 1463 1535 qui
1502 1457 1928 1534 praeparabit
1966 1457 2143 1535 uiam
2182 1461 2362 1516 tuam
2404 1461 2553 1518 ante
2593 1462 2673 1518 te.
2708 1459 2834 1533 quis
2868 1460 3113 1519 humana

1103 1554 1314 1613 uirtute
1381 1570 1555 1627 equos
1619 1552 1833 1629 igneos,
1908 1564 2103 1625 curtus
2174 1553 2370 1629 igneos
2441 1552 2723 1628 potuisset
2792 1553 3107 1623 ascendere,
3133 1566 3168 1604 ιο

1104 1664 1296 1724 regere
1336 1646 1516 1706 aerios
1559 1663 1752 1706 currus
1793 1647 1902 1705 nisi
1942 1647 2038 1721 qui
2078 1649 2332 1706 naturam
2372 1646 2602 1706 humani
2642 1648 2888 1721 eorporis
2936 1652 3111 1708 incor-

1027 1744 1063 1801 5
1103 1742 1388 1817 ruptibilis
1450 1742 1647 1800 ieiunii
1707 1742 1918 1801 uirtute
1979 1742 2301 1804 mutasset?
2363 1741 2462 1800 sed
2528 1742 2597 1800 de
2658 1743 2858 1801 Heliae
2933 1742 3108 1819 gestis

1103 1835 1345 1910 plurima
1396 1835 1509 1894 iam
1563 1835 1839 1909 frequenti
1894 1835 2242 1894 diuersorum
2296 1836 2565 1894 librorum
2626 1853 2881 1895 sermone
2931 1837 3110 1914 diges-

1105 1931 1283 1989 simus
1332 1933 1390 1989 et
1437 1929 1751 1989 cauendum
1800 1930 2054 1999 arbitror,
2103 1948 2172 1989 ne
2221 1930 2276 1989 in
2327 1931 2519 1989 eadem
2567 1947 2937 2003 recurramus,
2982 1949 3108 1990 eum

1104 2025 1430 2099 praesertim
1479 2025 1537 2082 in
1587 2040 1751 2098 opere
1800 2041 1902 2084 suo
1950 2025 2071 2100 ipse
2119 2025 2398 2084 laudetur.
2447 2026 2732 2085 imitemur
2772 2043 2905 2102 ergo
2946 2027 3108 2091 illum
3135 2028 3203 2079 nv

1104 2121 1163 2177 et
1208 2135 1331 2178 eam
1381 2134 1565 2177 eseam
1613 2135 1965 2193 quaeramus,
2015 2120 2177 2178 cuius
2226 2118 2436 2178 uirtute
2486 2119 2684 2179 diebus
2732 2137 2798 2180 ao
2847 2121 3109 2180 noctibus

1103 2212 1361 2288 progredi
1415 2212 1485 2270 ad
1549 2228 1916 2286 supernorum
1976 2213 2263 2288 possimus
2327 2215 2717 2291 cognitionem.
2785 2232 2898 2275 non
2963 2216 3108 2275 enim

1103 2306 1284 2366 omnis
1332 2323 1462 2365 esea
1505 2307 1810 2365 materialis
1857 2324 1960 2367 nee
2006 2308 2188 2367 omnis
2238 2307 2396 2368 cibus
2438 2309 2774 2384 corporalis:
2818 2313 2909 2368 est
2949 2309 3105 2369 cibus

1101 2400 1328 2471 mentis,
1399 2402 1467 2459 ut
1536 2399 1792 2472 diximus,
1866 2419 1975 2476 quo
2050 2403 2344 2477 epulantur
2414 2404 2646 2473 animae,
2719 2404 2787 2461 de
2853 2421 2967 2479 quo
3033 2404 3105 2463 ait

1106 2495 1401 2554 dominus:
1432 2512 1616 2554 meus
1652 2495 1840 2554 cibus
1874 2499 2000 2568 est,
2043 2500 2119 2556 ut
2156 2497 2393 2556 faciam
2434 2498 2852 2556 uoluntatem
2894 2498 3097 2575 patris
3125 2509 3166 2547 ⁸⁰

1104 2588 1255 2660 mei,
1312 2588 1424 2664 qui
1478 2589 1542 2647 in
1599 2590 1805 2648 caelis
1863 2594 1977 2652 est.
2032 2591 2126 2651 hio
2182 2592 2339 2651 cibus
2397 2593 2738 2668 angelorum,
2796 2596 2864 2652 ut
2923 2592 3093 2653 diuino

1264 2824 1288 2873 1
1321 2823 1443 2886 neg.
1474 2822 1578 2872 Im
1609 2824 1656 2882 2,
1691 2824 1750 2872 14
1775 2839 1844 2886 sq.
1908 2824 1938 2871 2
1961 2823 2136 2876 nauh.
2171 2824 2216 2883 s,
2247 2825 2280 2873 4
2310 2823 2422 2873 sas.
2458 2824 2547 2872 177
2582 2821 2620 2873 c
2652 2823 2700 2886 (7
2734 2823 2793 2883 Ε)
2853 2825 2901 2881 ,7
2934 2811 3105 2876 natta

1107 2901 1181 2961 11,
1213 2901 1244 2950 e
1273 2914 1345 2964 sq.
1440 2902 1504 2951 20
1534 2901 1637 2950 Ioh.
1670 2903 1717 2959 4,
1750 2903 1815 2951 34

1169 3057 1192 3106 1
1228 3055 1491 3106 abstemiae
1522 3056 1619 3107 ΡΒ
1649 3056 1912 3106 abstinenti
1943 3056 2062 3106 BH‘
2093 3054 2414 3106 abstinentiae
2446 3061 2530 3105 cet.
2671 3057 2701 3105 2
2735 3055 3034 3121 derelinquit
3067 3061 3111 3119 (n

1101 3139 1242 3193 eras„
1275 3150 1307 3183 u
1337 3139 1479 3195 astu.)
1504 3135 1553 3183 P
1612 3136 1642 3185 3
1674 3135 1831 3199 heliae
1855 3135 1950 3184 PR
2041 3134 2233 3184 uacauit
2264 3133 2372 3183 GH
2429 3136 2458 3182 4
2481 3133 2653 3183 ieiunis
2677 3135 2726 3184 Β
2822 3136 2949 3198 eius]
2980 3138 3028 3186 ei
3051 3138 3111 3196 Β,

1104 3217 1194 3261 om
1225 3212 1289 3261 H
1404 3212 1596 3262 locusta
1623 3212 1792 3263 RBE*
1902 3214 1931 3262 5
1965 3213 2078 3275 quia
2113 3212 2229 3273 GH,
2257 3214 2374 3274 sort.
2406 3218 2531 3261 recte
2655 3214 2954 3279 continentie
2985 3217 3040 3265 P
3069 3222 3113 3281 (ς

1102 3305 1163 3339 ωε
1193 3295 1241 3350 a)
1272 3290 1344 3340 H‘
1377 3291 1718 3348 continentiam
1754 3290 1800 3339 θ
1895 3280 1926 3339 74
1954 3280 2070 3354 ’ῥῖῐῖ
2091 3292 2141 3339 Ρ
2230 3292 2260 3340 9
2294 3292 2406 3354 qui.
2426 3294 2617 3342 ..tuam
2652 3305 2741 3340 om.
2775 3291 2845 3341 11¹
2975 3310 3113 3357 prae·

1101 3369 1292 3431 parauit
1311 3369 1362 3418 Β
1394 3372 1535 3430 (corr.
1560 3373 1662 3431 ΜΒ)
1687 3369 1736 3418 Β
1760 3372 1899 3432 (corr.
1923 3370 2017 3433 ml)
2038 3369 2141 3418 RG
2268 3370 2373 3432 quis
2399 3374 2440 3429 (s
2463 3385 2501 3419 s.
2523 3385 2573 3418 u.
2599 3373 2699 3430 2212)
2723 3370 2784 3418 H
2878 3373 2937 3421 10
2968 3378 3114 3436 potu-

1102 3448 1223 3496 isset
1253 3449 1296 3510 (t
1328 3447 1415 3497 alt.
1447 3461 1487 3496 s.
1518 3462 1567 3496 u.
1599 3450 1700 3507 m2)
1735 3447 1796 3497 H
1887 3449 1941 3497 11
1979 3448 2102 3511 erios
2135 3462 2295 3496 currus
2326 3448 2376 3496 P
2405 3451 2452 3506 (e
2477 3464 2516 3498 s.
2539 3449 2557 3498 i
2581 3452 2680 3507 ΜΒ)
2717 3464 2879 3498 cursus
2914 3453 3042 3499 aeris
3066 3453 3115 3502 Β

1103 3539 1262 3574 currus
1296 3526 1449 3574 aerios
1483 3529 1667 3585 (aereos
1696 3526 1760 3583 Β,
1795 3541 1928 3592 ereos
1959 3526 2025 3583 D,
2060 3540 2191 3583 ereos
2215 3527 2295 3586 1²¹)
2323 3532 2406 3576 cet.
2532 3531 2705 3577 natura
2724 3528 2773 3577 Β
2871 3530 2932 3578 13
2964 3530 3115 3579 libro·

1104 3618 1208 3651 rum
1238 3617 1275 3651 s.
1307 3620 1357 3656 u.
1397 3605 1442 3654 G
1541 3606 1599 3653 14
1629 3606 1700 3668 in]
1731 3606 1805 3654 bis
1830 3605 1891 3663 R,
1918 3620 2009 3655 om.
2034 3605 2083 3653 Β
2179 3607 2238 3656 15
2259 3608 2539 3669 praesertim
2565 3623 2654 3656 om.
2680 3608 2741 3656 H
2860 3609 2970 3671 ipsa
2993 3609 3113 3658 DP'

1165 3682 1320 3744 illum]
1355 3697 1464 3731 eum
1496 3683 1611 3732 ΒΡ
1732 3685 1788 3732 16
1821 3684 1871 3731 in
1906 3684 2036 3731 cuius
2067 3682 2118 3732 Β
2237 3686 2293 3733 17
2325 3684 2684 3747 progredientes
2722 3685 2768 3734 G
2799 3688 3027 3748 progredi
3063 3693 3113 3737 et

1104 3762 1177 3822 (et
1204 3775 1242 3809 s.
1265 3776 1323 3809 u.
1356 3764 1458 3821 ma)
1483 3761 1545 3810 H
1665 3762 1954 3824 superiorem
1978 3760 2029 3810 Β
2058 3763 2350 3824 superiorum
2373 3764 2429 3811 Η
2552 3778 2797 3825 possemus
2823 3766 2872 3813 P
2997 3781 3113 3829 cog·

1102 3840 1335 3888 nitionem
1360 3840 1523 3889 uenire
1552 3839 1659 3889 GH
1727 3840 1784 3889 18
1810 3840 1969 3888 omnia
1992 3840 2155 3901 (eras.)
2183 3842 2333 3889 omnis
2357 3842 2416 3898 Ρ,
2442 3843 2596 3889 omnis
2621 3856 2709 3893 om,
2735 3842 2796 3891 H
2869 3845 2927 3893 19
2959 3846 3115 3893 animi

1105 3916 1208 3966 GH
1215 3959 1217 3961 .
1329 3918 1719 3968 20n010ntatem
1753 3920 1802 3977 (v
1833 3932 1871 3966 a.
1906 3932 1933 3966 o
1968 3918 2076 3979 alt.)
2107 3920 2158 3967 P
2279 3920 2344 3969 21·
2373 3920 2501 3969 caelo
2533 3920 2595 3968 H
2722 3925 2797 3969 est
2830 3921 3112 3984 augelorum

1100 3993 1328 4044 RGHH¹
1359 3996 1633 4059 angelorum
1666 3999 1741 4050 est
1771 3996 1820 4044 Β
