4242 4694
1138 522 1213 578 42
1956 520 2304 567 Ambrosii

1051 694 1119 752 17
1139 692 1231 768 pio
1273 693 1590 765 praebitura
1629 693 1878 752 seruitio.
1912 696 1970 751 et
2002 694 2156 752 uenit
2188 694 2257 751 ad
2288 700 2536 769 puteum,
2569 700 2636 753 ut
2665 696 2881 753 biberet
2913 696 2979 753 de
3015 695 3134 753 suis
3244 705 3284 753 D

1140 788 1292 846 uasis
1343 790 1400 845 et
1448 788 1516 845 de
1570 790 1866 861 puteorum
1923 805 2151 845 suorum
2205 789 2454 847 fontibus
2512 796 2569 848 et
2629 790 3029 864 superfluerent
3084 792 3134 848 ei

1051 884 1122 941 18
1141 899 1313 957 aquae
1354 883 1421 940 de
1462 899 1564 940 sno
1604 883 1790 950 fonte:
1834 883 1958 941 fons
2000 883 2146 940 enim
2185 883 2339 943 uitae
2380 889 2467 941 est
2505 885 2560 942 in
2602 885 2856 943 manibus
2888 885 3043 942 iusti.
3079 890 3138 943 et

1138 975 1297 1033 uenit
1327 976 1396 1034 ad
1420 977 1605 1035 Laban
1639 979 1696 1034 et
1727 993 1861 1035 oues
1895 979 2018 1036 eius
2050 978 2224 1050 pauit.
2257 979 2522 1052 iniquitas
2556 979 2880 1036 incomitata
2910 979 3136 1043 residet,

1141 1070 1413 1146 sapientia
1457 1070 1684 1146 regendi
1732 1071 1979 1130 officium
2025 1088 2130 1129 non
2180 1073 2404 1130 omittit.
2455 1073 2635 1131 nescit
2679 1073 2770 1131 uel
2827 1072 2882 1129 in
2940 1072 3136 1129 alienis
3196 1093 3222 1129 s

1141 1181 1356 1234 uacare,
1405 1166 1585 1230 nescit
1631 1167 1758 1223 exul
1805 1182 1928 1224 esse
1978 1167 2033 1223 in
2082 1167 2403 1241 peregrinis,
2456 1166 2730 1240 quomodo
2790 1167 2935 1222 enim
2993 1166 3140 1229 exul,

1144 1276 1283 1331 quae
1331 1260 1537 1333 ubique
1589 1276 1754 1316 suum
1794 1260 1883 1317 ius
1928 1263 2116 1318 seruat
2156 1263 2214 1318 et
2253 1261 2306 1318 in
2349 1279 2408 1318 se
2449 1260 2617 1318 habet
2658 1259 2801 1333 quod
2841 1259 3145 1334 possidet?

1052 1355 1125 1410 19
1146 1354 1305 1426 quasi
1360 1353 1764 1411 mercennarius
1812 1353 2122 1429 ingreditur
2168 1355 2352 1412 iustus
2401 1358 2458 1411 et
2505 1358 2685 1410 rector
2731 1356 2833 1422 est,
2886 1353 2980 1427 qui
3030 1353 3143 1410 sibi
3271 1364 3311 1413 Ε

1142 1464 1366 1523 gregem
1405 1449 1708 1506 multarum
1743 1441 2259 1522 ‘praestantiumque
2292 1449 2566 1506 uirtutum
2603 1448 2893 1521 splendore
2924 1448 3144 1521 fulgen-

1142 1545 1255 1600 tem
1306 1542 1658 1617 euangelicae
1705 1542 2129 1617 praedicationis
2178 1542 2483 1600 ministerio
2525 1541 2840 1616 colligebat,
2882 1544 2948 1598 ut
2986 1544 3143 1615 pota·
3179 1565 3231 1601 ιο

1144 1637 1286 1694 turis
1343 1635 1545 1694 ouibus
1602 1636 1816 1711 uirgam
1874 1637 2205 1694 storacinam
2263 1639 2320 1693 et
2373 1637 2632 1694 nucinam
2689 1639 2746 1693 et
2802 1634 2867 1691 de
2916 1635 3142 1709 platano

1142 1734 1476 1806 proponeret
1512 1732 1568 1787 in
1611 1731 1792 1798 uenis,
1832 1748 1942 1805 quo
1986 1732 2438 1803 concupiscentes
2477 1730 2835 1788 beatissimae
2875 1728 3144 1786 trinitatis

1143 1824 1511 1899 praefigurata
1540 1824 1807 1898 mysteria
1836 1825 2253 1898 hautquaquam
2289 1824 2573 1882 decoloros
2606 1823 2755 1880 fet-us
2787 1824 2912 1901 piae
2935 1827 3143 1879 mentis

1144 1918 1498 1992 conceptione
1558 1918 1877 1975 formarent.
1941 1918 2116 1975 bonae
2181 1935 2335 1985 oues,
2401 1934 2542 1991 quae
2607 1918 2875 1974 bonorum
2947 1918 3143 1990 partus

1146 2030 1374 2087 operum
1430 2011 1562 2069 fidei
1619 2028 1804 2069 sacrae
1860 2027 1967 2068 non
2018 2011 2313 2086 degeneres
2364 2011 2672 2067 ediderunt.
2720 2027 2818 2082 per
2865 2012 3140 2066 storacem
3182 2034 3230 2070 ιε
3275 2025 3311 2074 F

1144 2106 1489 2182 significatur
1541 2107 1827 2163 incensum
1889 2109 1946 2161 et
2001 2103 2333 2162 sacrificium
2392 2105 2792 2178 uespertinum,
2840 2103 2991 2178 quod
3038 2103 3144 2160 deo

1141 2201 1287 2276 patri
1341 2202 1584 2259 defertur
1640 2201 1694 2257 in
1750 2200 1984 2272 psalmo.
2042 2215 2140 2271 per
2194 2198 2451 2256 nucinam
2519 2198 2735 2274 uirgam
2801 2197 3146 2256 sacerdotale

1146 2296 1367 2355 Christo
1408 2312 1614 2353 munus
1650 2293 1913 2357 offertur;
1951 2294 2084 2350 haec
2120 2293 2266 2350 enim
2297 2293 2459 2368 uirga
2490 2294 2689 2360 Aaron,
2726 2310 2864 2367 quae
2899 2292 3150 2365 reposita

1144 2390 1349 2457 floruit,
1416 2406 1526 2463 qua
1584 2387 1944 2446 sacerdotalis
2002 2388 2178 2461 gratia
2234 2388 2685 2445 sanctificationis
2742 2386 2990 2444 emicuit.
3046 2403 3150 2460 per

1143 2486 1429 2558 platanum
1485 2483 1753 2556 spiritalis
1808 2482 2026 2539 fructus
2084 2482 2428 2556 significatur
2482 2482 2725 2548 ubertas,
2785 2480 2914 2553 quia
2962 2480 3146 2536 arbori
3184 2506 3233 2540 no

1144 2579 1277 2636 huic
1324 2578 1460 2635 uitis
1510 2577 1842 2642 adnectitur,
1892 2579 1958 2632 ut
2005 2575 2124 2633 eius
2174 2576 2322 2632 laeta
2371 2576 2645 2633 consortio
2688 2575 2743 2630 in
2785 2576 2978 2646 partus
3020 2589 3148 2629 sese

1305 2747 1328 2794 1
1365 2744 1481 2794 Gen.
1515 2745 1593 2801 29,
1627 2746 1670 2801 2,
1707 2743 1764 2792 cf.
1798 2744 2022 2792 Prouerb.
2058 2746 2101 2800 5,
2139 2745 2196 2792 15
2230 2758 2299 2804 sq.
2390 2745 2418 2790 3
2450 2743 2675 2790 Pronerb.
2715 2744 2785 2797 14,
2821 2743 2879 2788 27
2968 2743 2999 2789 4
3025 2739 3146 2789 Gen.

1146 2825 1223 2881 30,
1256 2825 1317 2873 29
1351 2826 1401 2871 et
1430 2824 1488 2872 31
1527 2825 1625 2881 (36)
1763 2823 1791 2872 S
1824 2822 1941 2872 Gen.
1976 2823 2051 2876 30.
2085 2823 2146 2870 32
2180 2826 2228 2870 et
2261 2823 2321 2870 35
2353 2822 2454 2883 (40)
2591 2822 2649 2869 10
2683 2820 2798 2870 Gen.
2833 2821 2910 2877 30,
2944 2821 3004 2868 37
3039 2835 3144 2882 sqq.

1150 2903 1208 2951 16
1240 2901 1414 2950 Psalm.
1451 2901 1660 2951 CXXXX
1691 2903 1721 2949 2
1819 2901 1878 2951 18
1909 2902 2050 2950 Num.
2087 2902 2160 2957 17,
2194 2904 2223 2950 6
2257 2915 2360 2963 sqq.

1214 3014 1237 3061 1
1273 3012 1399 3060 nasis
1432 3012 1529 3059 suis
1563 3012 1615 3060 D
1699 3012 1728 3060 3
1763 3013 1866 3059 uita
1896 3011 2035 3062 Apu
2066 3017 2111 3060 et
2145 3015 2284 3071 (corr.
2319 3014 2418 3068 m2)
2462 3009 2561 3059 η’
2641 3010 2671 3057 4
2703 3009 2976 3071 iniquitatis
3004 3021 3146 3067 (corr.

1147 3091 1250 3153 ΜΒ)
1279 3093 1328 3140 A
1452 3088 1632 3184 residet
1655 3090 1700 3137 A
1737 3095 1790 3148 (s.
1816 3093 1899 3137 m2
1927 3089 1951 3136 1
1982 3088 2178 3147 resedit)
2214 3088 2392 3137 resedit
2424 3089 2480 3151 (s.
2513 3088 2536 3134 l
2568 3086 2763 3147 residet)
2795 3088 2840 3135 T
2899 3091 2926 3136 5
2960 3088 3008 3135 in
3039 3088 3146 3140 ΑΡ,

1149 3208 1238 3243 om.
1273 3196 1356 3241 cet.
1432 3192 1464 3240 6
1495 3192 1731 3240 ann-ense
1764 3192 1810 3239 A
1890 3192 1915 3238 7
1952 3192 2128 3253 ubique
2161 3206 2298 3238 suum
2330 3191 2405 3237 ius
2438 3190 2581 3237 Pm2
2624 3191 2708 3240 1121
2742 3197 2785 3238 et
2819 3192 2911 3247 (ins
2943 3203 3032 3237 om.
3057 3189 3149 3249 N⁴)

1150 3271 1327 3333 aliique
1370 3272 1506 3332 (·qne
1547 3270 1612 3327 A)
1656 3284 1789 3318 snum
1830 3271 1878 3317 A
1922 3272 1978 3329 (s.
2018 3273 2102 3317 m2
2130 3270 2154 3317 1
2185 3270 2360 3331 ubique
2404 3269 2478 3316 ius
2511 3273 2663 3325 sunm)
2700 3271 2832 3316 Pml
2863 3269 3039 3329 ubique
3074 3269 3149 3315 ius

1150 3364 1286 3397 suum
1326 3347 1373 3397 T
1461 3347 1684 3396 seruabat
1716 3348 1761 3395 A
1795 3351 1851 3406 (s.
1884 3351 1969 3395 222
1999 3351 2176 3406 seruat)
2212 3346 2504 3403 seruabstP
2534 3346 2616 3407 (ba
2648 3361 2753 3408 exp.
2785 3350 2885 3402 m2)
2955 3347 3015 3393 10
3046 3361 3147 3392 ma·

1151 3427 1349 3490 gisterio
1380 3426 1426 3473 A
1461 3429 1515 3484 (s.
1549 3429 1632 3473 ”⁸2
1660 3426 1684 3473 l
1715 3426 1849 3488 mini)
1882 3425 1930 3472 P
1959 3430 2003 3473 et
2035 3428 2117 3487 (ag
2148 3427 2204 3471 in
2235 3429 2354 3483 ras.)
2392 3424 2443 3472 D
2572 3425 2627 3471 12
2661 3424 2710 3471 in
2744 3426 2879 3471 uenis
2914 3423 3150 3471 Mam-ini

1149 3505 1362 3554 inuentis
1394 3504 1509 3552 libri
1632 3504 2016 3567 concupiscentes
2048 3505 2096 3551 A
2129 3509 2183 3561 (s.
2218 3507 2301 3551 m2
2329 3504 2354 3551 l
2386 3503 2558 3559 centie)
2675 3504 2731 3551 13
2765 3503 2976 3551 misteria
3007 3502 3148 3553 Pvet

1212 3583 1570 3646 hautquaquam
1603 3583 1649 3630 A
1683 3585 1728 3646 (o
1763 3598 1821 3631 ea:
1850 3586 1875 3630 t
1904 3598 1964 3630 m.
2000 3583 2122 3645 ant.)
2146 3583 2194 3630 P
2225 3582 2275 3640 (h
2310 3582 2426 3631 add.
2459 3584 2561 3645 m2)
2758 3582 2998 3630 decolores
3022 3581 3153 3631 &¹¹13

1214 3661 1341 3710 fetos
1372 3662 1421 3710 A
1452 3663 1501 3725 (v
1531 3676 1568 3710 s.
1603 3677 1630 3709 o
1663 3664 1763 3709 „⁸22
1795 3661 1953 3710 foetos
1984 3661 2032 3709 P
2062 3664 2111 3719 (v
2142 3675 2178 3709 e.
2216 3666 2262 3720 o)
2394 3661 2450 3709 18
2484 3683 2585 3709 ιη.
2616 3649 2707 3723 ipo
2741 3662 2788 3708 A
2916 3663 2989 3707 est
3022 3661 3147 3707 enim

1160 3741 1206 3791 T
1233 3747 1278 3790 et
1308 3741 1404 3805 (est
1431 3755 1469 3790 ε.
1501 3756 1549 3789 u.
1582 3743 1684 3798 m2)
1716 3741 1817 3788 PV
1915 3741 1973 3788 19
2006 3740 2392 3788 sanctificationis
2425 3741 2471 3788 A
2507 3741 2561 3798 (s.
2597 3743 2679 3786 m2
2709 3741 2731 3786 l
2764 3739 3145 3800 significationis)

1154 3819 1516 3882 significationis
1555 3819 1600 3867 T
1626 3820 1683 3881 (s.
1717 3819 2124 3880 sanctificationis)
2267 3819 2325 3867 21
2363 3820 2599 3866 consortio
2632 3820 2675 3865 A
2712 3821 2759 3881 (o
2794 3823 2898 3867 tert.
2933 3832 2991 3864 ex
3022 3832 3074 3873 a;
3106 3830 3146 3864 s.

1153 3901 1238 3948 *2
1266 3898 1291 3945 1
1318 3898 1410 3954 tia)
1442 3897 1500 3948 8⁴
1533 3900 1580 3956 (o
1614 3901 1718 3946 tert.
1750 3898 1805 3944 in
1835 3911 1934 3945 ras.
1968 3897 2068 3959 m2)
2102 3896 2339 3944 consortia
2368 3896 2499 3947 91⁴¹E
2604 3898 2651 3944 in
2696 3896 2779 3946 m
2813 3898 2922 3954 (ins.
2957 3898 3057 3953 m2)
3092 3894 3145 3952 T,

1154 3991 1247 4027 om.
1279 3980 1364 4027 cet.
