4242 4694
1140 505 1253 561 294
1964 499 2307 547 Ambrosii

1141 677 1198 733 et
1252 678 1375 732 ante
1425 690 1653 731 auersus
1704 673 1779 730 sit
1827 672 2083 728 dominus
2132 689 2164 727 a
2211 671 2497 729 sacrificiis
2547 672 2786 744 hominis
2839 676 2898 731 et
2943 677 3127 747 postea

1139 768 1547 836 reconciliatus,
1588 774 1654 824 ut
1691 767 1963 840 respicere
2003 765 2058 822 in
2101 769 2290 823 nostra
2330 765 2601 823 sacrificia
2640 767 2983 842 dignaretur.

1049 867 1123 923 34
1215 861 1349 920 Ideo
1398 878 1529 937 ergo
1579 877 1808 919 securus
1856 861 2027 917 intrat
2073 860 2170 934 qui
2217 860 2288 918 ad
2328 860 2538 918 domini
2575 861 2890 937 ingreditur
2927 862 3131 921 miseri·

1141 956 1403 1016 cordiam.
1452 956 1686 1029 denique
1734 955 1877 1013 bono
1927 971 2089 1012 seruo
2138 955 2376 1013 dicitur:
2433 955 2622 1013 intra
2675 956 2743 1013 in
2802 955 3132 1032 gaudium

1142 1051 1404 1109 domini
1436 1050 1563 1120 tui,
1596 1050 1664 1107 de
1690 1066 1851 1107 seruo
1884 1052 2073 1107 autem
2106 1066 2344 1123 nequam
2377 1048 2613 1108 dicitur:
2645 1051 2897 1110 tollite
2929 1051 3130 1110 illum
3168 1066 3183 1103 ι

1141 1146 1207 1203 in
1257 1145 1590 1203 tenebras
1639 1144 2052 1203 exteriores,
2101 1143 2226 1202 ideo
2275 1146 2332 1201 et
2370 1143 2548 1202 Adam
2597 1146 2809 1203 eiectus
2853 1146 2922 1203 de
2962 1146 3134 1220 patria

1142 1239 1371 1298 caelesti
1412 1242 1470 1297 et
1506 1239 1604 1297 illa
1645 1238 1774 1297 sede
1815 1237 2057 1312 paradisi
2095 1238 2152 1295 in
2193 1237 2433 1297 insulam
2472 1240 2688 1313 peccati
2720 1242 2809 1298 est
2838 1239 3132 1315 relegatus.

1143 1337 1292 1393 recte
1348 1350 1478 1409 ergo
1543 1332 1680 1391 dicit
1742 1332 2045 1406 scriptura:
2111 1332 2571 1401 renouamini‚
2640 1333 2944 1403 insulae,
3013 1333 3134 1409 quia

1141 1431 1494 1502 peccatorum
1557 1426 1823 1485 fluctibus
1887 1425 2035 1485 sicut
2099 1426 2314 1485 insulae
2375 1426 2432 1485 in
2496 1427 2664 1486 istius
2735 1428 2932 1486 mundi
3004 1428 3132 1488 freto

1144 1521 1630 1581 circumuenimur.
1679 1521 1819 1579 istae
1860 1537 1991 1596 ergo
2030 1520 2245 1579 insulae
2284 1538 2384 1596 per
2423 1522 2725 1581 aduentum
2765 1522 2980 1581 domini
3018 1540 3132 1598 pec-
3151 1543 3183 1580 ιι

1146 1619 1393 1675 catorum
1430 1616 1756 1676 remissione
1795 1619 2091 1674 renouatae
2131 1620 2282 1684 sunt,
2320 1616 2380 1674 id
2420 1619 2508 1675 est
2544 1616 2799 1676 homines
2831 1618 2888 1675 in
2918 1618 3131 1677 lauacro

1144 1711 1313 1769 medii
1341 1710 1488 1768 inter
1518 1726 1692 1783 aquas
1724 1709 1883 1784 quasi
1913 1708 2129 1767 insulae
2155 1708 2448 1768 constituti
2472 1710 2848 1768 tundebantur
2870 1711 3131 1770 undarum

1145 1805 1390 1873 molibus
1422 1803 1570 1863 sicut
1599 1803 1816 1862 insulae
1850 1803 2062 1861 sonoris
2085 1806 2441 1877 peccatorum
2465 1803 2832 1887 relidentibus
2855 1804 3129 1875 fluctibus,
3167 1784 3183 1910 1

1146 1900 1297 1959 sicut
1341 1899 1576 1966 insulae,
1625 1898 1683 1955 in
1729 1897 1934 1972 quibus
1983 1900 2108 1955 ante
2158 1897 2315 1956 uelut
2369 1897 2627 1956 fraudum
2683 1900 2934 1973 scopulis
2993 1902 3129 1959 erant
3178 1918 3183 1926 ·

1146 1992 1498 2067 simplicibus
1547 1991 1736 2049 crebra
1783 1991 2084 2066 naufragia,
2133 1991 2265 2065 quia
2312 1990 2473 2049 dolus
2522 1997 2640 2049 erat
2684 1991 2741 2049 in
2782 1993 2952 2051 corde
2993 1998 3049 2052 et
3078 1993 3122 2051 in
3142 2003 3172 2043 ⁵

1147 2104 1238 2146 ore
1292 2085 1609 2147 blanditiae.
1666 2088 1724 2143 at
1777 2103 1908 2144 uero
1964 2089 2328 2159 posteaquam
2385 2085 2641 2144 dominus
2696 2087 2880 2156 Iesus,
2929 2087 2988 2146 in
3034 2104 3120 2161 qne
3162 2088 3183 2141 Ι

1148 2181 1310 2239 dolus
1341 2198 1450 2240 non
1482 2185 1586 2250 est,
1619 2181 1921 2239 adueniens
1951 2181 2007 2238 in
2042 2181 2187 2238 bunc
2217 2181 2486 2239 mundum
2520 2181 2780 2240 caelestis
2803 2182 3119 2257 expositione

1148 2276 1429 2333 doctrinae
1484 2276 1850 2333 humanarum
1904 2275 2178 2349 profunda
2227 2277 2503 2334 mentium
2560 2277 2841 2335 serenauit
2895 2281 2958 2335 et
3003 2275 3111 2336 τιὴ·

1149 2370 1485 2444 quillitatem
1547 2369 1752 2428 refudit
1821 2370 2110 2428 affectibus
2184 2370 2540 2445 singulorum
2601 2372 2857 2429 auferens
2924 2385 3103 2447 saep·
3180 2369 3183 2373 ’

1149 2464 1475 2532 discordiae,
1508 2464 1667 2537 quasi
1699 2463 1968 2538 quaedam
2009 2468 2271 2537 portuum
2313 2482 2538 2540 coepere
2579 2463 3147 2540 adpropinquanfiffl·

1151 2576 1274 2617 esse
1336 2558 1616 2633 suffragia,
1682 2562 1747 2615 ut
1809 2558 2191 2632 unusquisque
2257 2558 2545 2635 nauigium
2609 2576 2740 2616 suae
2813 2560 3017 2633 quietis
3070 2558 3107 2616 in

1150 2652 1382 2725 proximi
1440 2656 1537 2710 aut
1582 2652 1764 2709 fratris
1816 2653 2125 2711 constituat
2171 2654 2372 2712 affectu
2422 2657 2479 2711 et
2525 2654 2577 2710 in
2630 2671 2859 2712 secessu
2909 2652 3105 2730 quodam

1059 2748 1133 2805 35
1149 2747 1272 2822 piae
1336 2748 1537 2804 mentis
1600 2748 1824 2805 haereat
1885 2748 2107 2806 literali.
2172 2765 2278 2805 non
2345 2748 2600 2805 inmerito
2666 2765 2797 2825 ergo
2863 2753 3103 2824 tamquam

1150 2847 1450 2900 renouatus
1483 2842 1684 2900 clamat
1724 2842 1940 2900 Dauid:
1984 2846 2051 2899 et
2090 2842 2404 2901 introibo
2447 2842 2526 2900 ad
2568 2842 2795 2900 altare
2837 2843 2952 2902 dei
2989 2839 3099 2906 mei,
3150 2831 3183 2883 ἦ

1153 2935 1232 2993 ad
1292 2935 1510 3004 deum,
1569 2937 1686 3010 qui
1734 2937 2107 2994 laetificat
2153 2937 2606 2995 iuuentutem
2654 2955 2889 2995 meam.
2940 2929 3143 3010 utqui·

1155 3048 1323 3105 supra
1370 3048 1440 3089 se
1481 3031 1937 3089 inueterasse
1976 3032 2168 3089 inter
2208 3014 2541 3090 inimicos
2584 3050 2751 3091 suos
2795 3032 3019 3100 dixerat,
3051 3021 3103 3087 uli

1308 3216 1337 3263 4
1369 3215 1544 3264 matth.
1577 3217 1653 3272 25.
1688 3216 1744 3264 21
1857 3216 2091 3264 5'Matth.
2124 3217 2200 3272 25,
2233 3216 2294 3264 30
2404 3215 2434 3263 8
2466 3216 2593 3264 Esai.
2629 3218 2704 3266 41.
2740 3217 2763 3264 l
2875 3218 2931 3265 17
2963 3218 2986 3266 1
3015 3216 3156 3266 Pett-

1157 3295 1202 3349 2.
1234 3295 1294 3343 22
1388 3294 1449 3343 24
1481 3294 1656 3342 Psalm.
1687 3293 1908 3342 mxu
1939 3295 1970 3343 4
2065 3295 2123 3343 26
2157 3294 2329 3343 Psalm.
2363 3295 2431 3343 VI
2462 3296 2491 3344 8

1221 3405 1245 3452 1
1281 3403 1505 3452 aduersus
1537 3405 1586 3451 Β
1712 3420 1739 3453 a
1771 3420 1859 3453 om.
1884 3406 1933 3452 Β
2027 3406 2057 3453 2
2090 3405 2420 3453 reconciliatus
2445 3405 2494 3452 P
2526 3409 2593 3457 (re
2614 3421 2649 3453 s.
2676 3421 2722 3453 u.
2748 3409 2849 3464 m2)
2946 3407 2975 3455 3
3005 3399 3183 3454 111104

1156 3482 1392 3531 ricortiam
1417 3483 1466 3530 P
1555 3483 1586 3530 4
1611 3485 1824 3545 gautium
1848 3484 1897 3531 P
1986 3486 2016 3533 6
2042 3484 2284 3533 exterioris
2304 3484 2353 3531 P
2474 3484 2624 3533 Adam
2646 3522 2656 3533 .
2677 3523 2686 3532 .
2709 3524 2719 3534 .
2737 3484 2848 3532 sede
2871 3500 2910 3533 s.
2935 3500 2982 3532 u.
3006 3486 3080 3533 ”⁸2

1220 3560 1431 3610 deiectus
1463 3562 1516 3610 D
1609 3565 1638 3611 9
1671 3563 1922 3611 inu-sulae
1953 3563 2002 3610 P
2098 3564 2148 3611 11
2186 3563 2402 3611 homines
2436 3563 2483 3611 P
2513 3567 2559 3621 (e
2592 3579 2650 3611 ex
2681 3563 2717 3619 i)
2820 3564 2877 3611 12
2911 3564 3040 3626 quasi
3067 3558 3183 3609 ἰ,

1157 3641 1289 3689 sulae
1312 3640 1361 3689 P
1385 3642 1444 3699 (si
1468 3642 1516 3689 in
1540 3643 1596 3690 in
1619 3646 1739 3701 ras.)
1836 3643 1894 3690 13
1926 3641 2110 3689 insulae
2135 3655 2225 3689 om.
2250 3641 2362 3689 DP¹
2491 3641 2761 3690 consonoris
2784 3642 2833 3688 Β
2934 3642 2989 3689 14
3018 3636 3183 3688 staff

1157 3719 1286 3768 dium
1317 3721 1366 3767 Β
1402 3724 1443 3779 (r
1473 3735 1532 3768 ιω
1561 3721 1596 3782 1)
1723 3720 1926 3783 scopolie
1957 3721 2006 3768 P
2037 3725 2085 3779 (v
2116 3735 2154 3768 s.
2188 3736 2214 3766 o
2249 3723 2356 3781 alt.)
2479 3723 2537 3770 15
2571 3723 2619 3768 et
2652 3724 2815 3778 (eras.)
2848 3719 2909 3780 P,
2940 3733 3029 3768 on.
3057 3715 3183 3765 θεέ

1161 3800 1217 3848 16
1251 3798 1311 3847 ad
1343 3800 1392 3847 P
1486 3800 1543 3848 17
1576 3800 1701 3847 hunc
1732 3799 1781 3846 P
1811 3805 1860 3858 (n
1892 3814 1929 3847 s.
1962 3803 2032 3858 u.)
2130 3800 2186 3848 18
2219 3800 2597 3861 tranquilitatem
2631 3799 2680 3846 P
2791 3799 2846 3846 19
2879 3795 3183 3860 αεροοῆὒιῤ

1157 3877 1206 3924 Β
1240 3878 1313 3937 (in
1342 3893 1431 3940 my.
1465 3881 1548 3926 m2
1579 3878 1630 3925 a}
1661 3877 1928 3937 affectibus)
2058 3879 2113 3927 21
2158 3878 2408 3941 naufragia
2438 3878 2551 3926 DP‘
2708 3877 2881 3939 quietis
2914 3876 2963 3924 P
2991 3877 3025 3934 (i
3056 3856 3183 3921 ὣς

1112 3971 1118 3979 ·
1158 3970 1215 4004 ex
1247 3957 1290 4016 e)
1400 3957 1461 4004 22
1493 3956 1652 4004 fratris
1685 3956 1732 4003 P
1763 3958 1797 4014 (i
1831 3972 1889 4004 ex
1922 3957 1963 4017 c)
2074 3958 2133 4005 23
2166 3958 2337 4005 mentis
2369 3956 2418 4005 P
2446 3958 2479 4018 (i
2512 3971 2571 4004 ex
2603 3963 2646 4014 e)
2756 3956 2817 4004 26
2849 3956 2943 4018 uti]
2973 3958 3025 4003 ut
3053 3952 3154 4000 Bo·
