4242 4694
1121 523 1196 579 66
1936 517 2282 566 Ambrosii

1119 687 1277 757 mihi,
1302 686 1400 756 fili,
1425 689 1491 744 ut
1514 687 1731 759 quaein
1757 685 1869 743 illis
1897 703 1990 742 sex
2012 674 2281 756 laboraui,
2307 687 2362 743 in
2388 689 2445 745 te
2470 688 2817 761 requiescam
2851 687 3117 763 septimo,

1120 786 1402 853 tamquam
1451 798 1483 838 a
1538 780 1749 838 saeculi
1804 780 1915 837 iam
1972 780 2230 853 operibus
2286 780 2499 839 feriata.
2556 782 2748 855 itaque
2804 780 3120 856 proripiens

1123 891 1182 932 se
1244 873 1460 932 iuuenis
1522 874 1634 931 ait:
1704 872 1872 946 quid
1937 874 2370 932 sustinetis?
2434 877 2492 932 et
2544 876 2727 932 multa
2780 875 3120 943 uociferans,

1123 967 1269 1042 quod
1316 984 1665 1041 nequaquam
1706 967 1899 1025 diuelli
1938 971 2131 1040 posset
2170 984 2203 1024 a
2242 968 2476 1027 fratrum
2517 969 2833 1039 consortiis,
2877 986 3120 1042 quorum

1122 1062 1299 1119 multo
1338 1061 1584 1119 beatiora
1625 1063 1812 1118 essent
1843 1061 2035 1119 funera
2066 1078 2230 1134 quam
2264 1063 2412 1137 regis
2446 1064 2693 1137 imperia,
2729 1081 2859 1121 cum
2889 1065 3125 1138 urgeret
3178 1082 3206 1118 s

1123 1155 1389 1213 conuiciis
1450 1172 1654 1231 regem,
1721 1158 1778 1211 et
1838 1155 1956 1228 ipse
2021 1156 2231 1220 acerbis
2297 1158 2645 1215 excruciatus
2710 1150 3120 1216 tormentorum
3239 1165 3271 1215 Ε

1124 1250 1416 1325 generibus
1458 1250 1606 1306 uitae
1648 1249 1815 1305 huius
1856 1266 2058 1306 munus
2099 1250 2362 1307 absoluit.

1045 1350 1122 1407 53
1199 1341 1521 1401 Nouissima
1559 1345 1739 1400 mater
1779 1342 1963 1400 oblata
2004 1346 2092 1401 est
2130 1343 2270 1401 neci.
2313 1344 2439 1418 quis
2479 1345 2621 1402 hanc
2661 1345 2882 1403 beatam
2930 1346 3122 1417 neget,

1124 1452 1264 1510 quae
1320 1437 1476 1510 quasi
1531 1440 1746 1511 septem
1800 1436 2008 1493 uallata
2053 1437 2344 1495 moenibus
2396 1438 2634 1502 <stetit>
2697 1438 2842 1496 inter
2888 1453 3125 1512 corpora

1121 1529 1359 1588 filiorum
1431 1531 1644 1589 nullum
1719 1529 1963 1588 sentiens
2034 1531 2231 1589 mortis
2300 1532 2631 1590 incursum?
2696 1531 2824 1606 quis
2886 1532 3121 1605 inquam
3156 1553 3207 1606 ²9

1124 1624 1190 1682 de
1230 1624 1349 1682 eius
1391 1624 1612 1683 dubitet
1648 1624 2009 1694 beatitudine,
2052 1642 2191 1698 quae
2233 1627 2448 1699 septem
2489 1625 2735 1683 turribus
2777 1624 3127 1684 circumdata

1123 1719 1178 1776 in
1234 1718 1471 1792 paradisi
1528 1720 1715 1777 sedem
1772 1720 1943 1792 caput
1996 1719 2210 1788 extulit,
2269 1736 2410 1792 quae
2468 1723 2682 1793 septem
2736 1718 2870 1776 filiis
2937 1718 3128 1776 cincta

1125 1813 1561 1871 sacratissimum
1619 1814 1720 1871 deo
1779 1813 2009 1870 chorum
2058 1831 2163 1871 non
2215 1813 2349 1871 solis
2401 1830 2664 1871 canorum
2712 1811 2968 1881 uocibus,
3019 1810 3126 1869 sed

1125 1907 1294 1965 etiam
1338 1909 1692 1982 passionibus
1741 1906 1810 1964 ad
1860 1907 2222 1965 concinendas
2272 1907 2480 1966 domini
2528 1906 2723 1964 laudes
2780 1903 3127 1964 caelestibus
3246 1922 3271 1974 (

1126 2001 1337 2060 inuexit
1367 2004 1634 2062 altaribus
1653 2002 1683 2061 ‘?
1716 2020 1882 2076 quam
1914 2002 2095 2060 bonus
2127 2000 2258 2058 fidei
2288 2002 2499 2073 partus,
2534 2018 2700 2074 quam
2733 2003 2893 2058 tutus
2925 2003 3128 2071 portus
3162 2024 3212 2060 ιι

1124 2096 1229 2154 iste
1268 2098 1511 2172 pietatis,
1553 2116 1718 2172 quam
1759 2096 2046 2170 splendida
2074 2096 2299 2153 lucerna
2332 2095 2600 2153 eeclesiae
2633 2097 2864 2171 septeno
2896 2094 3127 2169 fulgens

1125 2190 1332 2248 lumine
1356 2195 1413 2249 et
1436 2196 1634 2250 octauo
1667 2195 1824 2247 utero
1859 2190 2075 2246 cunctis
2109 2189 2293 2246 oleum
2323 2188 2628 2246 luminibus
2662 2187 3126 2246 subministrans!

1128 2284 1194 2341 de
1235 2285 1437 2357 quibus
1477 2285 1707 2359 pulchre
1749 2284 1985 2341 dicitur:
2029 2283 2191 2341 date
2230 2286 2500 2356 partem
2541 2282 2699 2339 illis
2743 2290 3009 2355 septem
3055 2285 3131 2340 et

1126 2378 1285 2436 illis
1327 2379 1609 2452 quidem
1650 2381 1833 2445 octo,
1876 2393 1939 2435 eo
1983 2377 2130 2450 quod
2161 2377 2217 2434 in
2251 2379 2485 2450 utroque
2520 2392 2745 2432 numero
2780 2375 3127 2433 consortium

1129 2471 1337 2545 gratiae
1396 2473 1803 2544 consequantur
1857 2471 1914 2527 in
1970 2470 2093 2545 lege
2149 2470 2364 2539 nutriti,
2421 2486 2521 2544 per
2568 2468 2803 2544 gratiam
2852 2469 3127 2538 coronati,
3163 2491 3211 2528 ιο

1129 2567 1343 2640 septem
1404 2568 1686 2638 tamquam
1750 2564 1803 2621 in
1871 2565 2118 2634 sabbato,
2177 2569 2301 2622 octo
2358 2568 2640 2636 tamquam
2697 2563 2753 2619 in
2812 2563 3128 2636 euangelio,

1128 2659 1221 2732 pia
1273 2664 1447 2715 matre
1503 2658 1887 2731 supplemento
1942 2658 2216 2731 passionis
2279 2658 2553 2723 adiuncta,
2612 2671 2751 2728 quae
2804 2654 2859 2711 in
2914 2655 3131 2715 talibus
3243 2669 3271 2719 1

1130 2753 1265 2814 filiis
1303 2754 1576 2827 integram
1617 2752 1841 2825 pietatis
1882 2751 2112 2810 formam
2157 2754 2213 2809 et
2252 2750 2553 2826 partui-init
2594 2753 2649 2805 et
2688 2747 2920 2822 peperit.

1292 2968 1312 3014 1
1351 2965 1466 3014 Gen.
1501 2968 1543 3023 2,
1578 2967 1605 3015 3
1692 2967 1722 3014 3
1754 2967 1899 3015 Maec.
1933 2966 1981 3014 11
2016 2967 2059 3022 7,
2094 2967 2154 3015 30
2239 2968 2270 3013 4
2302 2965 2445 3012 Maec.
2481 2963 2530 3010 11
2563 2963 2605 3018 7,
2632 2964 2691 3011 37
2781 2965 2808 3010 5
2834 2962 2981 3011 Maec.
3007 2963 3056 3011 Π
3082 2965 3130 3018 7,

1133 3046 1193 3094 34
1225 3060 1343 3107 sqq„
1377 3046 1437 3094 39
1469 3060 1539 3108 sq.
1627 3046 1657 3093 8
1689 3044 1835 3093 Maec.
1867 3045 1917 3093 11
1950 3046 1994 3102 7,
2026 3046 2084 3092 41
2175 3045 2203 3092 9
2237 3042 2296 3090 de
2329 3042 2473 3090 Maec.
2506 3042 2615 3098 405,
2649 3041 2712 3089 24
2805 3043 2860 3089 15
2895 3041 2952 3088 de
2976 3041 3128 3089 Mace.

1133 3125 1239 3180 405,
1273 3124 1333 3172 25
1446 3125 1501 3173 16
1534 3123 1678 3171 Exod.
1713 3124 1792 3179 25,
1824 3124 1882 3171 37
2026 3123 2082 3170 18
2114 3122 2242 3170 Eccl.
2280 3121 2352 3177 11,
2387 3121 2416 3168 2
2542 3120 2597 3165 21
2637 3118 2695 3166 de
2734 3119 2882 3166 Maec.
2915 3120 3025 3175 406,
3065 3120 3132 3169 33

1134 3202 1193 3250 22
1227 3202 1285 3250 de
1315 3203 1461 3252 Maec.
1492 3202 1603 3259 407,
1634 3202 1695 3248 49

1196 3343 1225 3392 2
1258 3359 1286 3392 a
1316 3358 1354 3392 s.
1387 3358 1433 3391 u.
1466 3345 1549 3390 m2
1579 3342 1640 3398 A,
1674 3355 1763 3390 om,
1797 3340 1846 3387 P
1970 3339 2190 3401 operibus
2223 3339 2316 3385 iam
2349 3336 2477 3388 W‘E
2562 3338 2594 3384 4
2624 3338 2779 3398 possit
2809 3336 2907 3384 ΑΡ
2991 3338 3020 3385 5
3054 3336 3129 3385 fu-

1135 3436 1275 3479 enera
1304 3420 1347 3469 A
1439 3423 1633 3481 urgeret
1661 3419 1809 3467 APT
1837 3424 1881 3466 et
1914 3418 2042 3465 le
2079 3420 2303 3479 urgueret
2331 3416 2470 3463 Vm2
2504 3419 2553 3462 et
2588 3420 2628 3472 (t
2658 3430 2695 3463 s.
2728 3430 2775 3462 u.
2812 3415 3064 3478 add..m3)
3087 3416 3135 3466 21

1135 3502 1356 3562 argueret
1384 3498 1450 3546 N²
1487 3502 1528 3557 (t
1560 3498 1675 3546 add.
1707 3511 1748 3545 a.
1779 3512 1827 3546 u.
1861 3511 1923 3545 m.
1959 3500 2059 3543 ant.
2093 3496 2170 3553 21¹)
2268 3496 2298 3542 6
2331 3494 2553 3543 conuitiis
2580 3493 2749 3543 APev‘
2846 3493 2874 3540 8
2907 3495 3013 3556 quis
3038 3493 3140 3542 ΑΡ

1137 3579 1216 3641 qui
1248 3582 1330 3627 cet.
1480 3577 1509 3625 9
1539 3574 1788 3623 moenibus
1818 3574 1991 3635 scripsi
2023 3573 2325 3635 (ἑπτάπυργος
2360 3573 2417 3620 de
2447 3572 2612 3620 Maec.-
2648 3574 2766 3626 405,
2803 3574 2890 3630 24)
2926 3573 3130 3620 muneri·

1135 3655 1223 3704 bus
1254 3657 1297 3707 21
1328 3653 1592 3718 (funeribus
1623 3654 1726 3715 m3)
1759 3657 1841 3702 cet.
2032 3651 2171 3698 stetit
2204 3650 2380 3697 addidi
2587 3648 2641 3696 10
2675 3649 2886 3696 sentiens
2917 3650 2965 3697 A
2983 3653 3056 3697 2⁸1
3087 3649 3136 3697 Ρ

1137 3735 1285 3782 sentit
1319 3733 1467 3781 ΔΜΒ
1512 3733 1556 3779 T
1597 3732 1748 3779 sensit
1789 3734 1873 3778 cet.
2004 3730 2059 3777 11
2107 3726 2296 3775 dubitet
2340 3727 2398 3774 de
2443 3728 2545 3775 eius
2586 3727 2663 3776 *21¹¹
2804 3727 2860 3774 13
2893 3728 3008 3774 solis
3038 3728 3138 3775 ΑΡ

1138 3812 1290 3860 solum
1321 3816 1405 3859 cet.
1496 3811 1553 3858 14
1587 3806 1920 3856 caelesti-obus
1952 3806 2001 3853 P
2038 3805 2146 3869 (bus
2184 3806 2241 3853 in
2278 3809 2398 3862 ras.)
2498 3805 2554 3853 17
2578 3803 2838 3852 luminibus
2871 3804 3027 3853 oleum
3059 3805 3135 3855 21¹¹

1199 3890 1577 3940 sumministrans
1609 3887 1657 3934 P
1812 3886 1869 3934 19
1903 3885 2085 3933 numeri
2115 3885 2162 3931 A
2195 3885 2242 3946 (o
2274 3896 2312 3932 ε.
2346 3885 2364 3931 i
2395 3899 2455 3931 m.
2490 3884 2612 3944 ant.)
2767 3883 2828 3930 22
2859 3886 3012 3931 matre
3042 3883 3140 3931 ΑΡ

1136 3971 1289 4017 mater
1329 3967 1372 4013 T
1402 3970 1542 4025 (corr.
1575 3968 1747 4023 matre)
1780 3969 1862 4012 cet.
1888 4005 1897 4015 .
