4242 4694
1040 539 1112 586 De
1135 538 1367 602 interpell.
1387 537 1473 587 Iob
1500 540 1551 586 et
1564 537 1724 586 Dauid
1740 537 1816 586 111
1833 536 1971 597 (1111)
1990 537 2033 586 9.
2055 537 2127 594 10,
2146 537 2330 588 25-27
2366 534 2414 597 (1
2426 536 2522 586 670
2537 537 2863 598 B—671AB).
2932 542 3046 599 263

1040 712 1269 785 pulchre
1335 712 1548 769 addidit
1612 710 1793 785 apud
1856 713 1952 780 te3
2018 712 2426 785 comparatione
2500 712 2646 769 enim
2717 712 3047 770 caelestium

1039 807 1208 865 homo
1250 805 1386 880 quid
1425 808 1514 864 est
1561 806 1671 864 nisi
1718 805 2031 864 iumentum
2078 806 2511 864 inrationabile?
2557 824 2685 864 nam
2734 808 2791 864 et
2829 806 3045 876 stellae,

1040 918 1169 960 cum
1210 901 1325 958 sint
1361 900 1600 968 lucidae,
1640 905 1950 959 uanescunt
1987 899 2125 957 solis
2166 903 2381 958 exortu.
2422 904 2480 958 et
2510 899 2737 975 Moyses
2770 899 2880 958 ait:
2914 916 3045 958 non

1041 1013 1190 1054 sum
1255 994 1555 1052 idoneus
1622 995 1701 1053 ab
1760 995 2096 1053 hesterno
2171 993 2302 1063 die,
2375 1011 2451 1053 ex
2523 1011 2657 1068 quo
2731 993 3045 1069 coepisti

984 1112 1006 1148 ⁵
1040 1089 1241 1162 loqui
1291 1106 1441 1147 eum
1492 1105 1699 1146 seruo
1750 1091 1889 1147 tuo.
1941 1090 2010 1147 et
2048 1088 2250 1146 tenui
2290 1088 2477 1161 inquit
2513 1104 2686 1146 uoce
2728 1091 2797 1145 et
2836 1087 3045 1145 tardi·
3075 1100 3116 1149 F

1040 1184 1245 1241 loeus
1311 1200 1476 1240 sum.
1541 1183 1623 1240 ita
1687 1199 1818 1257 ergo
1885 1185 1943 1240 et
2004 1183 2190 1253 homo,
2256 1199 2364 1240 non
2421 1182 2603 1240 dicam
2661 1181 2889 1251 Christi,
2947 1182 3047 1239 sed

1041 1277 1363 1353 angelorum
1413 1277 1823 1351 comparatione
1872 1279 2095 1334 mutum
2142 1277 2369 1335 uidetur
2408 1293 2532 1335 esse
2572 1277 2904 1335 iumentum.
2947 1274 3045 1333 sed

1041 1378 1227 1431 tamen
1275 1389 1438 1431 nemo
1488 1370 1761 1445 desperet,
1812 1370 1944 1443 quia
1990 1369 2244 1428 homines
2294 1373 2352 1428 et
2388 1370 2639 1429 iumenta
2677 1370 2869 1429 saluos
2908 1369 3048 1429 facit

1044 1468 1317 1526 dominus.
1376 1469 1434 1525 et
1487 1466 1612 1525 ideo
1669 1464 1800 1539 quia
1855 1480 1962 1523 uon
2020 1481 2084 1522 ex
2137 1482 2247 1535 me,
2304 1464 2405 1523 sed
2458 1483 2521 1524 ex
2575 1468 2634 1523 te
2692 1464 2878 1533 didici,
2941 1464 3046 1524 tibi

968 1582 1012 1618 ιο
1043 1562 1349 1620 adhaerebo
1392 1577 1624 1635 semper,
1665 1562 1733 1617 ut
1772 1558 2022 1618 desinam
2061 1575 2184 1617 esse
2223 1559 2554 1629 iumentum,
2599 1562 2657 1618 et
2687 1558 2839 1618 dicas
2873 1559 3045 1617 mihi:

1042 1659 1118 1712 tu
1177 1658 1409 1714 autem
1457 1654 1571 1712 hic
1619 1658 1733 1711 sta
1779 1670 2062 1713 mecum.
2113 1654 2487 1711 circumfusus
2536 1654 2683 1711 enim
2732 1654 2818 1711 dei
2868 1654 3048 1729 gratia

1041 1750 1240 1822 incipit
1276 1749 1444 1806 homo
1487 1764 1610 1806 esse
1653 1748 1750 1821 qui
1790 1764 1888 1821 per
1926 1746 2358 1819 imprudentiam
2389 1747 2784 1822 praetendebat
2812 1746 3047 1805 insensi-

1041 1844 1319 1901 bilitatem
1366 1845 1424 1901 et
1467 1840 1819 1899 inscientiam
1868 1840 2195 1907 bestialem3
2246 1841 2412 1899 homo
2461 1841 2609 1898 enim
2650 1857 2714 1899 eo
2762 1840 3045 1912 probatur,

1042 1939 1092 1995 si
1150 1954 1319 2010 capax
1375 1936 1452 1993 sit
1496 1934 1728 1993 rationis
1780 1937 1839 1992 et
1886 1924 2116 2009 gratiae,⁴
2174 1935 2364 2007 itaque
2413 1950 2446 1991 a
2490 1934 2664 1992 mutis
2714 1933 3045 1992 animalibus

964 2050 1009 2085 ιε
1042 2033 1356 2104 separatum
1423 2045 1546 2088 esse
1606 2045 1667 2086 se
1729 2027 1938 2103 gaudet
2000 2030 2059 2086 et
2118 2029 2175 2086 in
2238 2027 2523 2085 hominum
2590 2028 2867 2086 adscitum
2923 2043 3047 2086 esse

1043 2124 1345 2190 consortia,
1392 2138 1534 2195 quae
1583 2121 1721 2180 deus
1770 2121 1969 2179 uisitat
2016 2124 2075 2179 et
2120 2123 2327 2179 tuetur.
2375 2121 2508 2194 quid
2557 2125 2646 2179 est
2692 2119 2839 2178 enim
2879 2120 3046 2179 homo

1042 2216 1152 2275 nisi
1178 2216 1311 2290 quia
1343 2217 1463 2275 eius
1496 2232 1710 2273 memor
1742 2219 1830 2273 est
1860 2215 2116 2273 dominus
2151 2218 2251 2273 aut
2274 2215 2407 2288 quia
2431 2231 2464 2272 a
2487 2215 2709 2273 domino
2735 2214 3044 2273 uisitatur?

880 2310 956 2367 27
1121 2310 1280 2369 Unde
1344 2310 1505 2384 quasi
1567 2309 1834 2368 uisitatus
1899 2310 1967 2368 ab
2033 2326 2097 2368 eo
2164 2310 2334 2368 dicit:
2398 2309 2709 2368 tenuisti
2774 2325 3045 2366 manum
3072 2310 3280 2362 671A13

1041 2405 1398 2461 dexteram
1451 2420 1662 2462 meam
1712 2405 1783 2462 et
1828 2404 1894 2461 in
1948 2404 2330 2463 uoluntate
2369 2406 2494 2462 tua
2532 2403 2902 2462 deduxisti
2944 2419 3045 2460 me

959 2519 1007 2555 so
1040 2502 1110 2558 et
1181 2516 1334 2556 cum
1406 2499 1642 2573 gloria
1712 2498 2200 2572 adsumpsisti
2266 2516 2390 2581 me..
2456 2498 2539 2556 sic
2603 2498 2923 2572 accepimus
2988 2500 3047 2555 et

1039 2591 1350 2651 secundum
1376 2590 1648 2650 Graecum
1673 2593 1756 2650 sic
1782 2591 2062 2651 conuenit.
2086 2593 2226 2651 dixit
2251 2593 2397 2650 enim
2433 2592 2714 2651 Graecus:
2747 2589 3046 2667 ἐκράτησας
3124 2599 3128 2603 “

1036 2695 1134 2763 τῆς
1158 2689 1360 2762 χειρός,
1384 2685 1442 2744 id
1468 2687 1557 2745 est
1578 2686 1891 2744 tenuisti
1916 2702 2206 2756 manum,
2230 2695 2327 2763 τῆς
2351 2685 2526 2752 δεξιᾶς
2551 2705 2654 2762 μου
2688 2685 3045 2744 dexteram

1041 2797 1271 2838 meam.
1321 2781 1461 2838 bene
1510 2779 1770 2856 dirigitur
1816 2781 1978 2838 cuius
2020 2780 2301 2839 dexteram
2341 2780 2478 2839 deus
2518 2798 2687 2839 manu
2729 2796 2834 2838 sua
2871 2780 3043 2836 tenet.

1039 2878 1229 2948 potest
1260 2873 1477 2931 dicere:
1512 2873 1839 2932 dominus
1871 2890 1905 2931 a
1936 2875 2211 2933 dextris
2243 2875 2438 2945 mei8‚
2472 2892 2551 2932 ne
2586 2888 3044 2932 commoueat.

960 2986 1009 3024 ns
1039 2968 1219 3026 Adam
1268 2967 1318 3025 si
1359 2984 1392 3025 a
1431 2966 1639 3024 dextris
1680 2966 1799 3025 suis
1839 2965 2128 3026 dominum
2168 2969 2369 3027 habere
2409 2968 2708 3037 uoluisset,
2747 2984 2853 3025 non
2895 2968 3047 3025 esset

1194 3106 1226 3155 3
1257 3104 1406 3154 Excd.
1439 3106 1487 3162 4,
1522 3105 1582 3154 10
1674 3103 1706 3153 8
1736 3102 1914 3153 Psalm.
1945 3104 2182 3154 xxst
2278 3106 2333 3155 11
2367 3106 2511 3155 Dent.
2546 3108 2590 3163 5,
2618 3106 2677 3155 31
2778 3105 2837 3153 16
2866 3101 3043 3151 Psaim.

1038 3185 1160 3234 VIII
1193 3188 1221 3234 5
1320 3184 1377 3232 18
1409 3183 1585 3234 Psalm.
1616 3181 1794 3232 LXXII
1826 3183 1890 3236 28
1920 3197 1990 3244 sq.
2086 3184 2150 3231 24
2179 3184 2355 3234 Psalm.
2387 3184 2475 3233 XV
2506 3184 2537 3233 8

1108 3296 1129 3341 1
1168 3292 1356 3341 addidit
1386 3292 1436 3340 P
1465 3291 1518 3350 (d
1551 3296 1655 3341 tert.
1687 3305 1747 3340 cx
1775 3294 1819 3351 t)
1930 3290 1960 3339 2
1993 3294 2044 3340 et
2077 3291 2152 3350 (in
2181 3295 2304 3353 ras.)
2337 3293 2397 3350 P,
2430 3307 2522 3344 om.
2553 3292 2670 3342 DP‘
2780 3292 2810 3339 3
2843 3289 2967 3338 soles
2997 3289 3047 3337 P

1040 3375 1071 3421 4
1103 3371 1300 3419 idoneus
1334 3371 1382 3418 P
1411 3374 1459 3428 (ο
1492 3385 1551 3418 ex
1583 3375 1628 3428 e)
1749 3372 1779 3419 5
1811 3384 1929 3419 uoce
1959 3370 2008 3418 Β
2040 3384 2205 3418 uocem
2235 3375 2320 3422 eet.
2467 3370 2767 3433 tardiloquus
2799 3368 2869 3417 ed.
2902 3366 3043 3416 Rom.

1043 3449 1321 3510 (tardilocus
1343 3449 1532 3510 scr-apsi)
1556 3447 1871 3497 tardilocutus
1892 3448 1986 3496 PB
2018 3448 2157 3497 tarde
2187 3449 2378 3498 locutus
2402 3454 2487 3498 cet.
2581 3450 2611 3498 6
2643 3463 2733 3511 ego
2757 3448 2808 3496 P
2898 3446 2927 3495 8
2961 3443 3042 3492 de·

1042 3530 1203 3590 speret
1224 3526 1339 3575 DP‘
1365 3525 1586 3590 desperat
1609 3531 1692 3576 cet.
1820 3526 2034 3575 homines
2057 3527 2108 3575 P
2128 3531 2175 3586 <e
2199 3541 2259 3577 cx
2282 3529 2318 3587 i)
2445 3527 2561 3576 fecit
2589 3528 2631 3576 G
2721 3528 2751 3575 9
2784 3525 2901 3574 deus
2929 3523 3044 3572 DP‘

1105 3606 1187 3667 qui
1219 3620 1313 3652 non
1345 3604 1457 3653 ΒΡ
1562 3607 1620 3654 15
1654 3605 1742 3653 alt.
1777 3619 1880 3653 esse
1912 3619 2002 3654 om.
2036 3605 2085 3653 Β
2192 3608 2251 3656 16
2285 3606 2408 3655 enim
2441 3608 2516 3654 est
2545 3605 2599 3654 D
2631 3607 2776 3666 (enirn
2808 3620 2845 3655 s.
2878 3608 2948 3664 u.)
2984 3605 3043 3652 P‘

1041 3684 1103 3732 20
1136 3684 1388 3745 suscepisti
1420 3683 1469 3731 Β
1605 3676 2008 3747 αοοὶρίωιιὶΒΡ
2118 3687 2175 3734 21
2218 3672 2882 3746 ekpa'rflca'r'fflcnpoc
2915 3683 3043 3738 Wm',

1042 3777 1162 3812 corr.
1185 3763 1425 3810 Dasmus
1518 3763 1578 3810 22
1601 3761 1681 3810 id.
1703 3802 1713 3813 .
1734 3800 1745 3812 .
1762 3777 1953 3811 manum
1978 3777 2067 3812 om.
2091 3765 2134 3813 G
2254 3761 2684 3824 moncelcnoy
2703 3763 2798 3811 PB
2822 3767 2866 3810 et
2888 3762 3045 3825 mayis

1041 3846 1272 3902 compta
1307 3840 1349 3888 G
1385 3840 1513 3890 ΤΗΟ
1554 3846 1600 3889 ct
1639 3841 1811 3890 deinde
1847 3844 2063 3903 spatium
2094 3846 2159 3891 10
2189 3845 2290 3905 fere
2321 3844 2414 3893 litt.
2445 3842 2511 3900 D.
2545 3857 2635 3891 om.
2668 3841 2787 3891 haec
2817 3847 2861 3890 et
2890 3841 3044 3889 uerba

1043 3920 1281 3968 dexteram
1312 3933 1466 3967 meam
1498 3920 1662 3981 spatio
1684 3920 1853 3969 relicto
1877 3920 1951 3978 1²⁴,
1976 3934 2097 3969 corr.
2130 3921 2360 3971 Gelani-m
2453 3923 2515 3972 25
2547 3921 2645 3970 suis
2669 3934 2758 3970 om.
2784 3920 2833 3969 Β
2956 3920 3043 3969 ha·

1042 4000 1154 4047 bere
1187 4012 1277 4048 om.
1311 3997 1423 4046 DP‘
