4242 4694
1110 529 1224 586 242
1928 526 2276 575 Ambrosii

1108 714 1214 757 non
1254 698 1323 755 de
1362 697 1583 755 malitia
1618 697 1784 755 istius
1828 697 2056 766 saeculi,
2097 698 2166 756 de
2208 714 2318 771 qua
2356 697 2632 773 legimus:
2673 715 2842 758 ecce
2883 704 3118 773 partu-

1108 792 1289 850 riuit
1341 791 1789 849 iniustitiam
1847 793 1915 848 et
1963 792 2298 867 concepit
2342 792 2657 850 laborem
2708 796 2777 850 et
2824 794 3120 868 peperit

1106 887 1588 960 iniquitatem.
1639 887 1836 944 melior
1882 903 2013 961 ergo
2062 887 2288 945 abortus
2338 903 2505 961 quam
2554 890 2747 961 partus
2788 887 2883 946 est
2921 904 3116 945 saecu-

1105 982 1323 1040 larium.
1384 980 1619 1053 denique
1677 980 1744 1037 de
1804 980 2043 1048 homine,
2101 980 2195 1054 qui
2250 980 2307 1037 in
2355 979 2462 1038 hoc
2510 979 2797 1037 saeculum
2851 982 3015 1039 uenit
3062 984 3117 1040 et

1105 1078 1414 1135 uanitatem
1478 1073 1672 1130 mundi
1737 1074 1904 1130 huius
1977 1076 2035 1130 et
2104 1073 2358 1131 tenebras
2430 1073 2662 1148 pertulit
2729 1075 3113 1150 longaeuitate
3157 1098 3180 1134 s

1107 1171 1386 1235 diuturna,
1403 1168 1774 1226 Ecclesiastes
1791 1167 2175 1242 pronuntiauit
2198 1168 2330 1242 quia
2354 1185 2406 1224 m
2423 1169 2607 1227 elior
2629 1168 2761 1226 illo
2786 1169 2869 1227 ab
2886 1172 3111 1228 ortus.

1104 1265 1239 1322 huic
1294 1264 1439 1321 enim
1496 1263 1716 1334 requies
1772 1262 1952 1336 magis
2011 1279 2175 1334 quam
2223 1262 2327 1329 illi,
2378 1263 2508 1335 quia
2554 1279 2661 1320 non
2711 1265 2978 1336 expertus
3028 1268 3113 1323 oet

1105 1359 1433 1416 uarietatem
1475 1356 1703 1422 saeculi,
1746 1356 1800 1412 in
1844 1372 1953 1429 qua
1993 1357 2100 1414 etsi
2140 1356 2295 1413 mille
2337 1374 2509 1414 annos
2551 1357 2647 1431 qui
2687 1357 2909 1422 uixerit.
2963 1358 3111 1431 quod

1104 1454 1310 1511 bonum
1353 1454 1441 1508 est
1493 1450 1682 1507 uidere
1739 1468 1844 1508 non
1901 1450 2104 1522 potuit.
2160 1450 2376 1524 fugisse
2427 1467 2555 1526 ergo
2603 1450 2740 1508 haec
2786 1452 2978 1526 magis
3026 1454 3113 1510 est

1105 1545 1313 1622 gratiae
1353 1562 1517 1616 quam
1559 1543 1781 1601 subisse
1822 1545 1924 1601 est.
3135 1570 3175 1607 ῃ

1029 1642 1099 1697 16
1183 1638 1292 1697 Sed
1347 1638 1583 1696 fortasse
1638 1637 1782 1694 illud
1835 1640 2065 1695 moueat
2119 1637 2265 1711 quod
2325 1638 2574 1696 adiunxit
2629 1638 2759 1711 quia
2821 1643 3111 1697 manent

1104 1734 1301 1791 sicut
1357 1750 1527 1790 oues
1584 1735 1936 1800 aeternae,
1993 1733 2200 1803 pueri
2254 1736 2486 1790 autem
2541 1750 2775 1791 eorum
2842 1733 3104 1791 ludunt

1102 1827 1554 1902 accipientes
1594 1826 2025 1899 psalterium
2062 1829 2131 1882 et
2163 1826 2505 1885 citharam
2540 1829 2609 1885 et
2640 1827 3107 1886 delectantur

1099 1937 1273 1979 uoce
1312 1919 1593 1992 psalmi.
1638 1924 2216 1977 consummarunt
2260 1922 2492 1979 autem
2532 1921 2597 1977 in
2631 1921 2842 1979 bonis
2877 1921 3102 1979 uitam

1101 2032 1313 2082 suam,
1354 2013 1420 2070 in
1463 2013 1707 2086 requie
1750 2018 1982 2072 autem
2022 2014 2287 2071 inferni
2320 2014 2777 2073 dormierunt.
2812 2015 3100 2091 distingue
3128 2043 3166 2078 u

1098 2109 1234 2166 haec
1282 2111 1341 2165 et
1387 2108 1518 2181 quia
1564 2108 1833 2181 spiritalis
1882 2125 1941 2166 es
1991 2109 2252 2166 diiudica.
2302 2109 2461 2181 impii
2508 2108 2658 2167 sicut
2696 2109 2907 2167 aeterni
2948 2113 3097 2180 sunt,

1097 2220 1206 2261 non
1248 2202 1473 2268 aeterni,
1515 2202 1648 2276 quia
1686 2220 1789 2261 non
1830 2205 2069 2274 possunt
2100 2203 2481 2260 aeternitatem
2515 2204 2763 2278 accipere
2797 2204 2867 2262 ab
2902 2221 2968 2262 eo
3004 2206 3097 2280 qui

1097 2314 1205 2356 non
1254 2297 1332 2355 sit
1377 2300 1655 2355 aeternus.
1704 2312 1808 2353 non
1863 2313 1992 2370 ergo
2042 2300 2231 2369 potest
2278 2296 2405 2354 dare
2447 2297 2594 2370 quod
2635 2315 2740 2356 non
2785 2299 2959 2357 habet
2997 2317 3095 2359 nec

1098 2393 1288 2464 potest
1324 2390 1654 2447 inluminare
1695 2390 1791 2461 qui
1832 2407 1937 2446 non
1980 2389 2233 2461 possidet
2270 2392 2470 2460 lucem,
2513 2391 2610 2449 sed
2643 2392 3008 2468 transfigurat
3039 2412 3095 2453 se

1097 2485 1150 2541 in
1202 2484 1459 2557 angelum
1510 2484 1673 2554 lucis,
1724 2487 1791 2541 ut
1837 2484 2079 2557 decipiat
2124 2484 2456 2543 incredulos.
2506 2485 2869 2561 transfigurat
2908 2493 3092 2548 autem
3121 2513 3161 2549 n

1097 2595 1157 2636 se
1198 2576 1553 2635 simulatiume
1592 2577 1766 2636 falsae
1804 2578 1968 2645 lucie,
2011 2595 2116 2635 non
2150 2579 2441 2652 splendore
2472 2586 2771 2654 perpetuae
2804 2583 3092 2643 claritatis.

1096 2671 1241 2728 unde
1291 2675 1348 2727 et
1397 2671 1644 2729 saluator
1689 2672 1801 2729 ait:
1856 2671 2179 2729 uidebam
2232 2671 2538 2732 Satanan
2595 2676 2790 2734 sicut
2842 2677 3095 2754 fulgur

1096 2765 1460 2823 cadentem
1528 2765 1607 2822 de
1671 2767 1888 2824 caelo.
1952 2781 2054 2823 nec
2118 2765 2310 2840 fulgur
2365 2771 2469 2836 est,
2526 2768 2624 2827 sed
2681 2771 2831 2828 sicut
2886 2772 3091 2849 fulgur.

1094 2859 1382 2916 considera
1427 2859 1768 2916 haereticum
1820 2859 2063 2932 aliquem
2108 2860 2379 2917 intentum
2429 2861 2795 2923 abstinentiae
2844 2868 3090 2939 corporis
3179 2862 3190 2912 1

1095 2955 1152 3009 et
1176 2952 1478 3027 cognitioni
1504 2953 1830 3010 caelestium
1860 2956 2355 3012 sacramentorum:
2382 2954 2533 3013 sicut
2562 2960 2817 3016 aeternus
2843 2963 3088 3034 putatur,
3117 2980 3154 3018 a

1090 3063 1198 3103 non
1261 3043 1431 3101 habet
1495 3050 1747 3102 aeternae
1813 3045 1962 3103 uitae
2028 3045 2384 3120 stipendium,
2447 3050 2581 3122 quia
2651 3051 2851 3109 falsam
2926 3056 3092 3114 habet

1251 3229 1273 3275 1
1309 3227 1481 3276 Psalm.
1520 3227 1608 3276 vn
1644 3230 1702 3278 15
1798 3232 1825 3278 6
1859 3230 1984 3278 Eccl.
2019 3233 2064 3289 6,
2096 3231 2126 3279 3
2225 3232 2279 3279 11
2315 3231 2400 3280 Iob
2434 3234 2510 3290 21,
2539 3234 2721 3283 11-13
2820 3238 2878 3286 19
2909 3239 2960 3288 11
2984 3239 3086 3290 Cor.

1096 3306 1169 3361 11,
1207 3308 1264 3354 14
1358 3305 1418 3353 22
1451 3306 1562 3354 Luc.
1601 3307 1672 3363 10,
1710 3307 1768 3354 18

1157 3432 1179 3478 1
1215 3430 1376 3491 istius]
1410 3430 1550 3478 huius
1575 3431 1624 3478 B
1686 3432 1715 3479 2
1751 3435 1800 3479 et
1816 3447 1895 3492 pr.
1923 3446 2011 3481 om.
2038 3433 2098 3481 P¹
2192 3433 2400 3482 dolorem
2425 3435 2585 3484 BDP'
2649 3439 2679 3485 3
2704 3439 2951 3489 abortiuus
2977 3442 3084 3490 DP'

1090 3511 1165 3556 est
1196 3508 1388 3555 abortus
1412 3506 1451 3554 G
1574 3513 1649 3556 est
1679 3524 1768 3557 om.
1794 3510 1905 3558 DP¹
2031 3512 2236 3560 sotorum
2261 3512 2374 3560 ΒΡ·
2485 3516 2514 3562 4
2547 3515 2648 3564 scl'o
2673 3516 2786 3564 DP¹
2884 3521 2911 3568 5
2944 3520 3084 3584 longe

1089 3586 1190 3650 uite
1223 3585 1272 3633 B
1380 3587 1408 3634 6
1441 3585 1686 3634 abortiuns
1717 3587 1874 3637 DP¹0
1982 3591 2007 3635 7
2040 3604 2134 3637 non
2166 3590 2215 3637 P
2246 3595 2296 3648 (n
2330 3590 2415 3638 alt.
2448 3606 2486 3639 s.
2519 3608 2566 3640 u.
2601 3597 2700 3653 ΜΒ)
2845 3601 2948 3656 (est
2975 3601 3083 3657 om.)

1088 3664 1321 3712 uarietate
1353 3664 1466 3712 DP¹
1608 3664 1639 3713 8
1672 3666 1752 3727 qui
1784 3666 1896 3714 DP‘
1930 3666 2043 3729 quid
2076 3668 2124 3714 P
2153 3669 2257 3729 quis
2292 3668 2387 3716 BC
2549 3672 2607 3720 10
2641 3676 2714 3721 est
2746 3689 2835 3722 om.
2869 3676 2932 3728 B.
2967 3682 2994 3735 e
3023 3676 3081 3725 Ρ

1090 3743 1144 3790 1·1
1189 3746 1385 3791 manent
1415 3743 1464 3790 B
1491 3748 1719 3793 maneant
1749 3751 1832 3793 cet.
1963 3747 2019 3795 16
2058 3746 2192 3809 impii
2230 3751 2388 3795 autem
2418 3747 2531 3796 DP‘
2661 3752 2715 3799 17
2760 3768 2854 3801 uon
2885 3769 2924 3803 s.
2957 3770 3005 3806 u.
3037 3755 3085 3803 P

1151 3835 1372 3883 accepere
1396 3822 1445 3869 P
1540 3823 1595 3870 19
1627 3837 1694 3882 sq.
1728 3823 2030 3871 transflcurat
2050 3825 2098 3872 P
2189 3827 2246 3873 21
2284 3825 2514 3874 claritatis
2538 3842 2627 3875 om.
2653 3829 2766 3877 DP‘
2860 3832 2922 3881 22
2954 3839 3079 3881 sata-

1085 3912 1197 3945 nam
1227 3898 1391 3946 DP‘C
1526 3900 1585 3947 22
1616 3914 1683 3961 sq.
1719 3901 1878 3961 fulgor
1907 3901 1957 3950 P
2069 3903 2130 3950 23
2163 3902 2220 3951 de
2255 3904 2385 3951 caelo
2420 3904 2663 3953 cadentem
2702 3910 2746 3954 B
2851 3910 2914 3958 24
2945 3912 3079 3960 here·

1087 3974 1242 4024 dicum
1273 3976 1323 4024 P
1415 3978 1476 4025 25
1511 3977 1791 4039 cogitationi
1823 3978 1872 4025 B
1966 3979 2026 4027 26
2058 3979 2181 4028 habe
2214 3981 2263 4028 P
