4242 4694
1154 489 1230 546 88
1978 487 2321 536 Ambrosii

1151 662 1225 719 et.
1268 676 1396 716 cum
1436 661 1588 716 esset
1627 657 1858 715 decorus
1900 661 2127 731 aspectu
2170 660 2227 716 et
2267 660 2552 733 speciosus
2586 661 2727 719 facie
2759 661 2950 734 ualde,
2986 681 3161 723 uenu·
3256 666 3272 715 l

1151 754 1352 809 statem
1396 751 1485 809 sui
1525 752 1721 810 uultus
1763 769 1868 810 non
1912 751 1979 807 ad
2022 753 2256 810 alienam
2298 753 2565 812 diriuauit
2603 755 2883 826 iniuriam,
2935 757 3044 816 sed.
3088 758 3161 817 ad

1150 862 1308 903 suam
1374 845 1626 904 seruauit
1679 846 1935 921 gratiam,
1993 846 2098 904 hoc
2154 864 2215 905 se
2271 848 2645 921 pulchriorem
2701 853 2876 918 ratus,
2935 852 2990 910 si
3043 870 3158 911 non

1149 939 1438 1012 dispendio
1479 940 1776 1010 castitatis,
1819 940 1918 997 sed
1969 941 2122 998 cultu
2171 942 2400 1015 pudoris
2451 943 2754 1017 speciosior
2792 946 3156 1020 probaretur.

1148 1034 1310 1091 illum
1367 1051 1490 1091 esse
1547 1051 1742 1091 uerum
1792 1034 2064 1103 decorem,
2114 1035 2210 1107 qui
2258 1052 2367 1091 non
2418 1035 2629 1094 alienos
2683 1039 2877 1095 oculos
2927 1043 3159 1114 caperet
3203 1061 3227 1098 ⁵

1146 1146 1248 1187 nec
1288 1129 1513 1203 fragiles
1557 1130 1771 1185 mentes
1815 1130 2145 1197 uulneraret,
2188 1128 2288 1186 sed
2329 1129 2536 1187 iudicia
2576 1130 2893 1204 adquireret
2931 1133 3157 1192 uniuer-

1148 1240 1335 1280 somm
1386 1221 1565 1279 fraudi
1614 1222 1785 1279 nullis
1835 1223 2075 1289 saturne,
2124 1222 2277 1279 laudi
2329 1224 2454 1281 sibi.
2505 1224 2616 1281 iam
2658 1226 2705 1282 si
2747 1242 2856 1298 qua
2895 1228 3155 1299 petulan-

1146 1317 1301 1375 tibus
1350 1317 1564 1389 aspexit
1611 1317 1808 1384 oculiS‚
1858 1317 2063 1373 crimen
2114 1320 2201 1374 est
2250 1317 2426 1374 solius
2467 1335 2609 1391 quae
2650 1319 2793 1377 male
2833 1321 3000 1388 uidit,
3040 1338 3152 1380 non

1145 1411 1316 1468 huius
1356 1412 1453 1484 qui
1491 1410 1635 1468 male
1676 1410 1851 1468 nollet
1889 1410 2084 1477 uideri,
2126 1427 2226 1468 nec
2266 1411 2322 1467 in
2366 1428 2428 1468 eo
2472 1413 2620 1484 quod
2658 1414 2820 1471 uisus
2863 1417 2952 1473 est
2984 1417 3156 1489 culpa
3251 1417 3272 1466 1

1146 1509 1252 1563 est.
1293 1521 1397 1561 non
1442 1506 1559 1563 erat
1595 1505 1651 1561 in
1693 1507 1971 1577 potestate
2015 1504 2226 1561 seruuli
2276 1506 2341 1561 ut
2389 1522 2495 1561 non
2545 1506 2858 1565 uideretur:
2908 1509 3151 1568 maritus
3182 1532 3225 1567 ιο

1148 1600 1342 1658 debuit
1381 1616 1575 1657 cauere
1616 1600 1801 1656 uxoris
1844 1600 2051 1656 oculos.
2097 1600 2145 1656 si
2185 1599 2282 1656 ille
2323 1600 2464 1656 nihil
2503 1600 2739 1658 timebat
2778 1601 2845 1658 de
2888 1603 3151 1679 coniuge,

1146 1695 1516 1752 arbitrabatur
1553 1694 1660 1751 iste
1702 1693 2088 1751 testimonium
2129 1711 2252 1751 esse
2295 1694 2673 1761 castimoniae,
2716 1711 2822 1753 non
2863 1696 3150 1755 remissio·

1145 1806 1272 1846 nem
1320 1789 1580 1847 incuriae.
1630 1788 1850 1846 discant
1895 1790 2078 1844 tamen
2128 1788 2296 1845 etiam
2345 1788 2453 1844 uiri
2502 1804 2698 1845 cauere
2750 1791 2945 1848 oculos
2985 1790 3149 1848 femi·

1144 1900 1370 1951 narum3
1413 1884 1740 1940 adamantur
1778 1884 1835 1939 et
1866 1882 1962 1955 qui
1994 1883 2194 1939 nolunt
2225 1881 2412 1939 amari.
2456 1880 2695 1956 denique
2729 1882 3023 1951 adamatus
3059 1889 3150 1943 est

1142 1977 1364 2050 Ioseph,
1421 1977 1516 2049 qni
1574 1976 1848 2034 amantem
1904 1975 2295 2031 contemneret.
2353 1977 2410 2030 et
2465 1974 2604 2031 bene
2662 1975 2952 2033 excusauit
3013 1995 3143 2037 eum
3179 1998 3220 2034 ιε

1143 2073 1418 2145 scriptura
1459 2070 1681 2128 dicens:
1723 2069 2007 2126 inmisit
2046 2069 2292 2126 oculos
2335 2085 2507 2126 uxor
2550 2069 2814 2127 domini
2863 2070 3024 2129 eius
3073 2072 3140 2131 in

1141 2166 1417 2240 loseph,
1459 2165 1564 2222 hoc
1604 2168 1724 2222 est:
1767 2180 1873 2222 non
1913 2164 2033 2237 ipse
2075 2180 2133 2221 se
2175 2165 2481 2221 ostentauit
2521 2180 2622 2221 nec
2656 2164 2804 2237 cepit
2834 2164 3137 2237 incautam,
3213 2170 3272 2218 42

1143 2260 1240 2318 sed
1288 2260 1386 2317 illa
1432 2260 1572 2316 retia
1618 2275 1719 2316 sua
1766 2257 1923 2314 misit
1968 2259 2025 2313 et
2071 2256 2326 2331 indagine
2377 2256 2466 2313 sui
2524 2260 2687 2334 capta
2742 2261 2846 2324 est,
2903 2260 3136 2333 laqueos

1050 2352 1124 2407 23
1142 2370 1275 2411 suos
1316 2354 1520 2427 sparsit
1559 2355 1616 2410 et
1654 2351 1772 2409 suis
1814 2350 1997 2408 haesit
2033 2350 2293 2407 uinculis.
2337 2349 2473 2407 dixit
2512 2354 2700 2408 autem
2739 2352 2858 2409 illi:
2911 2353 3136 2412 dormi

1139 2467 1193 2507 m
1210 2465 1419 2506 ecum.
1447 2446 1622 2519 prima
1647 2445 1927 2503 adulterae
1954 2443 2240 2502 oculorum
2260 2444 2373 2501 tela
2390 2447 2538 2511 sunt,
2558 2444 2800 2503 secunda
2816 2446 3135 2518 uerborum,
3166 2475 3208 2510 a

1142 2542 1244 2602 sed
1298 2542 1392 2615 qui
1448 2556 1556 2599 non
1612 2539 1829 2614 capitur
1877 2539 2054 2596 oculis
2104 2541 2291 2612 potest
2340 2539 2506 2596 uerbo
2555 2539 2832 2599 resistere.
2884 2541 3136 2616 suppetit

1142 2637 1409 2704 defensi0‚
1451 2636 1545 2693 ubi
1588 2635 1768 2692 adhuc
1810 2633 1951 2691 liber
1990 2633 2222 2690 affectus
2265 2635 2369 2691 est.
2409 2632 2536 2690 ideo
2578 2633 2850 2706 scriptum
2884 2638 2973 2692 est
3005 2636 3133 2709 quia

1140 2732 1269 2789 ille
1327 2730 1580 2787 noluit.
1640 2729 1877 2803 primum
1932 2728 2107 2803 igitur
2153 2727 2357 2784 mentis
2408 2727 2795 2802 congressione
2846 2730 3135 2803 superauit

1137 2829 1421 2898 tamquam
1473 2828 1633 2882 scuto
1683 2823 1850 2881 animi
1893 2822 2201 2879 inl-nentem
2242 2821 2534 2895 repellens,
2576 2820 2776 2878 deinde
2817 2839 3130 2883 sermonem

1137 2923 1421 2994 tamquam
1478 2919 1696 2976 hastam
1754 2917 2016 2984 uibrauit,
2074 2920 2137 2973 ut
2194 2932 2252 2973 se
2308 2915 2408 2973 illa
2461 2917 2763 2976 reuocaret.
2823 2919 2891 2973 et
2948 2919 3247 2980 dixituB

1296 3160 1318 3207 1
1357 3157 1473 3207 Gen.
1508 3155 1583 3212 39,
1618 3157 1645 3204 6
1759 3155 1816 3202 16
1851 3153 1968 3202 Gen.
2002 3155 2078 3203 39.
2114 3156 2140 3202 7
2256 3154 2312 3201 19
2346 3152 2462 3201 Gen.
2498 3154 2573 3209 39.
2609 3153 2636 3201 7
2744 3156 2805 3203 22
2839 3155 2956 3205 Gen.
2992 3158 3070 3214 39,
3099 3157 3128 3206 8

1138 3239 1198 3287 25
1232 3237 1349 3287 Gen.
1382 3237 1457 3288 39,
1491 3236 1520 3283 8

1201 3396 1223 3442 1
1261 3376 1458 3442 decorus
1491 3395 1619 3443 esset
1646 3391 1695 3439 P
1817 3391 2031 3453 speciosa
2060 3390 2183 3438 1v‘V
2335 3391 2363 3437 2
2398 3389 2458 3437 ad
2488 3404 2528 3438 s.
2559 3405 2609 3437 u.
2642 3390 2690 3437 P
2815 3390 3053 3440 der-inanit
3089 3392 3132 3439 V

1138 3474 1167 3521 3
1200 3472 1510 3534 pulchriorem
1543 3463 1593 3517 P·
1622 3473 1687 3527 (m
1716 3484 1756 3518 s.
1787 3470 1858 3529 u.)
2000 3471 2026 3516 7
2059 3468 2178 3516 nulli
2209 3468 2323 3515 ΝΡ
2355 3467 2513 3515 nullus
2550 3466 2592 3516 O
2727 3469 2756 3516 8
2787 3469 2920 3516 illius
2951 3470 3124 3519 crimen

1137 3551 1281 3599 solius
1315 3553 1393 3608 (ex
1423 3550 1553 3598 solus
1585 3549 1644 3600 ἓν
1675 3552 1771 3608 m2,
1802 3548 1956 3596 solum
1987 3548 2131 3608 w‘E)
2162 3551 2238 3595 est
2266 3546 2373 3593 NV
2461 3547 2490 3593 9
2525 3547 2662 3609 mala
2679 3561 2730 3593 se
2754 3546 2890 3598 πῖν’
2920 3563 2972 3597 se
3005 3550 3126 3598 male

1134 3629 1237 3678 ET
1418 3628 1559 3676 nollit
1591 3628 1640 3675 B
1671 3632 1715 3676 et
1748 3632 1887 3681 (eom.
1919 3630 2013 3686 ml)
2045 3627 2094 3675 P
2123 3626 2246 3674 nolit
2286 3626 2330 3671 V
2515 3625 2570 3673 11
2624 3625 2785 3673 oculos
2817 3627 2974 3675 uxoris
3005 3627 3130 3678 1⁰12

1139 3709 1197 3756 13
1228 3707 1322 3754 uiri
1354 3721 1518 3754 cauere
1552 3706 1695 3754 etiam
1719 3705 1826 3754 NV
1917 3706 1976 3753 14
2007 3704 2287 3752 adamantur
2319 3704 2443 3751 enim
2477 3708 2526 3751 et
2547 3703 2624 3753 21⁰
2722 3704 2779 3752 16
2814 3704 2914 3751 eius
2948 3693 3037 3753 dns
3052 3704 3124 3758 W‘

1140 3786 1196 3833 17
1228 3785 1322 3831 iste
1354 3783 1460 3830 NV
1601 3784 1730 3846 cepit
1767 3783 1906 3832 ΥΕΟ
1938 3783 2066 3845 cepit
2095 3782 2271 3833 21¹⁴DP
2301 3783 2459 3844 coepit
2489 3788 2570 3830 cet.
2733 3782 2792 3830 18
2825 3781 3052 3845 indagine
3082 3783 3127 3831 P

1137 3862 1198 3909 20
1238 3861 1445 3909 secunda
1476 3861 1525 3909 P
1553 3866 1612 3919 (a
1650 3864 1732 3909 m2
1763 3875 1820 3909 ex
1853 3863 1948 3918 um)
2108 3860 2166 3908 21
2211 3860 2355 3908 uerbo
2387 3859 2449 3908 P‘
2491 3864 2537 3918 (o
2577 3861 2633 3906 in
2671 3860 2791 3922 ras.)
2833 3860 2992 3909 uerbis
3023 3861 3076 3909 N
3086 3860 3128 3908 Υ

1136 3940 1197 3988 23
1231 3940 1560 4000 congressione
1592 3939 1765 3987 inentis
1796 3937 1924 3989 21⁰1?
2013 3939 2073 3987 25
2107 3941 2257 3986 astam
2290 3938 2340 3985 P
2368 3938 2557 3986 hastam
2592 3938 2643 3995 (h
2674 3952 2711 3985 ε.
2744 3941 2813 3996 u.)
2847 3937 2926 3985 P“
