4242 4694
1149 525 1260 582 144
1972 518 2315 567 Ambrosii

1145 697 1215 751 et
1253 694 1435 751 nihil
1476 693 1906 749 inuenerunt
1946 709 2181 749 omnes
2225 692 2367 748 uiri
2401 691 2848 749 diuitiarum.
2883 692 2985 748 sed
3020 694 3156 747 sunt

1144 791 1203 845 et
1250 788 1484 862 equites·
1516 787 1868 854 dormienteS,
1930 786 1994 843 de
2052 786 2254 859 quibus
2314 785 2585 858 scriptum
2642 786 2760 841 est:
2821 784 3155 842 dormita-

1148 884 1407 940 uerunt
1448 880 1566 955 qui
1609 880 2089 937 ascenderunt
2129 896 2365 951 equos.
2410 881 2457 935 si
2492 879 2725 937 auaritia
2755 881 2954 951 pec-tus
2988 881 3156 934 tuum

1145 978 1418 1044 numeret,
1469 976 1519 1033 si
1563 974 1740 1032 libido
1788 973 2110 1038 inflammet,
2162 971 2367 1029 dormis
2417 990 2605 1046 eques,
2658 976 2713 1029 et
2761 972 2886 1029 ideo
2947 988 3157 1046 corpus

1146 1074 1327 1138 tuum,
1371 1070 1477 1127 hoe
1518 1072 1607 1127 est
1647 1087 1852 1143 equum
1894 1074 2054 1126 tuum
2098 1087 2202 1126 non
2247 1073 2404 1142 potes
2445 1071 2735 1127 refrenare.
2775 1070 2959 1145 uigila
2999 1087 3155 1145 ergo,
3207 1091 3229 1123 5

1148 1167 1211 1220 ut
1274 1164 1494 1221 etiamsi
1565 1164 1814 1221 deiectus
1887 1163 2085 1229 fueriS,
2154 1163 2258 1220 hoc
2323 1166 2411 1221 est
2473 1168 2725 1221 mortuus
2791 1164 2985 1232 fueri&
3031 1183 3156 1223 ·non

1144 1258 1477 1315 obdormias,
1514 1258 1607 1330 qui
1643 1258 1788 1314 enim
1814 1257 2167 1314 obdormiunt
2192 1274 2446 1314 somnum
2472 1275 2634 1315 suum
2661 1258 2798 1314 nihil
2821 1258 3154 1326 inueniunt:

1145 1356 1207 1410 tu
1265 1354 1452 1410 autem
1510 1357 1737 1426 expecta
1793 1352 2032 1409 salutem
2084 1368 2115 1406 a
2165 1352 2405 1420 domino,
2455 1355 2749 1410 uenturam
2798 1353 3034 1426 respice,
3086 1357 3158 1410 ut
3263 1360 3276 1408 1

1146 1446 1380 1519 gratiam
1450 1445 1869 1520 resurrectionis
1932 1445 2199 1502 inueniaS.
2268 1445 2575 1503 dormiebat
2637 1446 2839 1504 ludasz
2903 1446 3156 1521 denique

1145 1539 1316 1597 uerba
1380 1539 1588 1598 Christi
1651 1557 1761 1596 non
1787 1562 1791 1568 ·
1820 1539 2098 1599 audiebat.
2174 1540 2481 1597 dormiebat
2550 1540 2715 1599 ludas
2790 1544 2848 1598 et
2917 1541 3153 1613 quidem
3191 1564 3234 1600 le

1147 1650 1402 1694 somnum
1453 1632 1795 1700 diuitiarum,
1847 1633 1942 1705 qui
1990 1632 2298 1689 mercedem
2350 1632 2415 1689 de
2464 1634 2771 1707 proditione
2829 1634 3156 1707 quaerebat.

1147 1727 1290 1784 uidit
1328 1743 1456 1784 eum
1498 1727 1859 1784 dormientem
1901 1725 2154 1784 diabolus
2195 1732 2253 1784 et
2292 1744 2617 1800 oppressum
2652 1727 2916 1785 auaritiae
2951 1745 3158 1787 somno

1147 1821 1335 1895 graui:
1363 1822 1522 1878 misit
1555 1838 1612 1878 se
1646 1821 1701 1878 in
1737 1838 1831 1878 eor
1863 1821 2000 1881 eius.
2035 1823 2354 1879 uulnerauit
2386 1839 2608 1895 equum,
2644 1823 2843 1879 deiecit
2876 1823 3156 1895 equitem,

1048 1919 1126 1976 34
1146 1932 1308 1987 quem
1336 1914 1619 1988 separauit
1642 1932 1673 1970 a
1703 1914 1940 1972 Christo.
1969 1916 2107 1972 hanc
2130 1916 2337 1971 tribum
2363 1916 2641 1973 benedixit
2662 1917 2888 1990 Moyses
2921 1916 3156 1975 dicens:

1145 2009 1286 2065 Dan
1330 2009 1620 2067 catulus
1661 2009 1894 2066 leonis
1938 2014 2007 2067 et
2047 2010 2363 2085 effugiet
2402 2027 2478 2067 ex
2515 2011 2760 2077 Basan,
2805 2010 2909 2067 boe
2951 2013 3044 2068 est
3086 2028 3155 2069 ex
3189 2020 3276 2071 1⁵]

1147 2103 1487 2161 confusione.
1519 2103 1665 2160 unde
1694 2102 1993 2160 secundum
2016 2102 2287 2160 Graecum
2315 2104 2492 2177 magis
2519 2104 2840 2177 intellegere
2856 2103 3156 2175 debemus,

1146 2215 1208 2253 ex
1260 2213 1367 2271 quo
1420 2197 1650 2254 Latinus
1702 2198 2007 2267 transtulit,
2059 2197 2208 2270 quod
2255 2197 2376 2255 Dan
2417 2197 2536 2271 ipse
2576 2197 2760 2253 sactus
2802 2197 2879 2254 sit
2917 2213 3156 2270 serpens

1142 2292 1201 2347 in
1258 2292 1352 2349 uia
1407 2292 1623 2349 sedens.
1683 2292 1800 2349 Dan
1863 2292 2132 2349 iudicium
2197 2292 2598 2364 interpretatur,
2665 2294 2722 2348 et
2783 2290 2907 2347 ideo
2974 2308 3157 2365 graue

1148 2384 1453 2457 perieulum
1519 2385 1712 2442 iudicii
1775 2386 1954 2442 tribus
2017 2386 2127 2442 ista
2190 2384 2382 2452 subiit,
2448 2384 2533 2440 cui
2601 2400 2827 2456 serpens
2889 2382 3157 2458 inlapsus

1147 2478 1506 2535 antichristus
1564 2482 1668 2548 est,
1728 2479 1820 2552 qui
1882 2481 2190 2536 currentem
2248 2478 2366 2534 suis
2424 2459 2700 2534 seut-,ieret
2745 2476 2995 2534 ueneniS.
3047 2478 3154 2535 sed
3188 2506 3235 2539 zo

1043 2636 1049 2641 ⁶
1144 2575 1328 2630 tamen
1369 2572 1493 2647 ipsa
1525 2573 1701 2629 tribus
1735 2573 2060 2629 liberabitur
2093 2589 2124 2628 a
2156 2572 2494 2639 confusione,
2528 2588 2654 2628 cum
2688 2571 2857 2628 fuerit
2888 2571 3155 2630 confessa

1068 2695 1071 2698 ·
1148 2666 1393 2739 equitem
1434 2670 1835 2740 resurgentem,
1878 2666 1974 2739 qui
2015 2666 2125 2723 ait:
2184 2666 2299 2739 qui
2349 2683 2447 2723 me
2514 2666 2849 2723 confusus
2913 2665 3154 2723 fuerit

1299 2837 1327 2883 2
1361 2835 1534 2882 Psalm.
1568 2835 1734 2890 LXXV
1763 2837 1788 2882 7
1880 2837 1931 2884 11
1970 2835 2142 2883 Matth.
2176 2837 2251 2890 26,
2289 2838 2346 2884 15
2437 2837 2493 2884 13
2526 2835 2641 2884 Luc.
2675 2837 2750 2891 22,
2783 2837 2812 2884 3
2903 2837 2960 2896 15
2994 2834 3151 2883 Deut.

1141 2913 1219 2964 33.
1253 2913 1313 2961 22
1443 2914 1500 2961 16
1527 2913 1586 2963 cf.
1620 2913 1851 2976 Origenes
1882 2913 1975 2962 ΧΠ
2008 2915 2128 2962 1509
2161 2913 2203 2961 Α
2233 2914 2309 2962 Μ.
2471 2915 2528 2962 18
2559 2914 2698 2962 Philo
2729 2911 2880 2976 Legg.
2914 2913 3060 2977 alleg.
3095 2913 3151 2962 11

1140 2993 1200 3038 24
1239 2990 1282 3048 (1
1314 2992 1390 3039 84.
1425 2991 1476 3052 8)
1507 2990 1565 3038 de
1601 2991 1704 3053 agri
1738 2991 1848 3040 cult.
1882 2993 1939 3039 21
1979 2992 2020 3049 (Ι
2060 2993 2166 3048 314,
2209 2993 2288 3050 52)
2332 2991 2390 3039 de
2431 2992 2624 3039 somniis
2664 2990 2712 3039 11
2752 2993 2780 3039 5
2823 2992 2864 3049 (1
2906 2991 3018 3048 668,
3057 2992 3151 3054 40)

1141 3070 1204 3115 ‘22
1236 3069 1407 3117 Matth.
1447 3071 1517 3121 10.
1550 3071 1610 3117 33
1645 3072 1695 3117 et
1726 3071 1786 3117 32

1207 3179 1228 3224 1
1267 3177 1540 3225 diuitiarum
1566 3192 1751 3225 suarum
1778 3177 1934 3225 POT‘
1999 3181 2028 3226 4
2054 3178 2314 3225 inflammet
2335 3179 2383 3225 B
2408 3183 2471 3236 (m
2491 3194 2569 3240 pr.
2594 3194 2632 3227 s.
2658 3184 2729 3237 u.)
2799 3180 2855 3227 14
2881 3177 3070 3229 ‹ii-cens
3096 3181 3151 3228 Ρ

1142 3255 1199 3303 19
1232 3255 1396 3303 iudicii
1429 3255 1684 3317 periculum
1717 3255 1823 3303 ND
1963 3257 2024 3304 22
2054 3272 2152 3318 sqq.
2184 3257 2306 3304 haec
2335 3259 2484 3304 uerba
2516 3256 2676 3304 eodem
2706 3271 2797 3317 quo
2831 3256 2968 3317 apud
2998 3257 3147 3306 Mat-

1138 3334 1332 3381 thaeum
1363 3336 1445 3389 22,
1480 3336 1542 3381 17
1571 3334 1637 3382 εᾰ.
1672 3335 1841 3381 ordine
1874 3335 2095 3396 leyunttfr
2124 3335 2179 3381 in
2210 3335 2264 3382 N
2274 3334 2386 3383 VD.-
2422 3336 2503 3396 qui
2535 3350 2609 3382 me
2642 3324 2885 3383 co'nfessus
2918 3335 3067 3384 suerit
3101 3353 3143 3386 c.

1141 3411 1188 3457 b.
1222 3411 1481 3459 confitebor
1514 3416 1563 3459 et
1595 3426 1713 3473 ego.
1735 3450 1744 3460 .
1766 3413 1878 3474 .qui
1914 3416 1984 3459 est
2018 3415 2064 3459 in
2099 3414 2242 3460 caelis
2278 3414 2346 3471 (in
2380 3415 2523 3460 caelis
2559 3418 2632 3460 est
2663 3413 2824 3475 DT).
2861 3415 2940 3474 qui
2975 3418 3143 3464 autem

1141 3503 1215 3538 me
1248 3489 1469 3538 confusus
1503 3495 1615 3549 (non
1647 3491 1886 3539 confessus
1920 3492 2039 3549 DT)
2070 3491 2216 3538 fuerit
2248 3506 2284 3538 c.
2320 3492 2364 3539 h.
2401 3490 2680 3539 confundam
2716 3495 2764 3539 et
2796 3495 2867 3550 (et
2896 3506 2986 3540 om.
3015 3493 3142 3552 DT,

1140 3568 1391 3628 ego...in
1428 3569 1570 3616 caelis
1611 3573 1684 3617 est
1723 3570 1818 3632 (est
1858 3570 1906 3617 in
1948 3570 2091 3616 caelis
2132 3569 2215 3628 V).
2265 3571 2417 3618 uerba
2466 3571 2545 3629 qui
2591 3574 2746 3618 autem
2791 3584 2864 3617 me
2910 3571 3142 3622 confusus

1144 3647 1376 3694 ...caelis
1411 3651 1484 3694 est
1515 3649 1590 3695 ‘21⁴¹
1621 3649 1677 3694 in
1707 3663 1795 3709 my.
1827 3651 1923 3701 m2.
1958 3649 2207 3695 commin
2240 3648 2287 3694 B
2328 3648 2497 3695 ordine
2533 3650 2751 3696 iuuet-so.-
2791 3650 2872 3710 qui
2910 3646 2986 3697 nie
3021 3666 3139 3699 con·

1139 3724 1273 3772 fusus
1305 3725 1450 3772 suerit
1481 3740 1521 3774 c.
1554 3726 1602 3774 h.
1636 3725 1915 3773 confundam
1953 3730 2000 3773 et
2034 3741 2122 3787 ego
2145 3766 2152 3773 .
2174 3762 2183 3773 .
2203 3765 2213 3774 .
2233 3727 2281 3772 in
2315 3727 2457 3774 caelis
2491 3731 2577 3774 est.
2605 3727 2686 3788 qui
2720 3731 2876 3774 autem
2911 3742 2986 3774 me
3022 3743 3139 3776 con-

1141 3802 1295 3851 sessus
1325 3804 1473 3851 fuerit
1495 3818 1532 3850 c.
1555 3804 1602 3850 h.
1638 3800 1898 3851 confitebor
1929 3809 1979 3851 et
2012 3820 2100 3865 ego
2121 3843 2130 3851 .
2153 3840 2162 3849 .
2185 3805 2262 3851 ,in
2297 3805 2440 3852 «selis
2475 3810 2561 3853 est.
2595 3805 2651 3852 in
2683 3805 2727 3851 P
2757 3805 2909 3852 uerba
2940 3806 3024 3865 qui
3056 3821 3138 3854 me

1141 3882 1361 3929 confusus
1401 3881 1546 3928 suerit
1585 3880 1738 3939 (fusus
1779 3880 1923 3929 fuerit
1960 3884 2014 3929 in
2053 3897 2149 3929 ras.
2184 3885 2284 3941 m2)
2329 3898 2364 3929 c.
2400 3883 2443 3928 li.
2487 3883 3026 3931 confundam...caelis
3059 3891 3138 3933 est
3171 3916 3175 3920 -

1134 3960 1194 4010 in
1227 3975 1312 4021 my.
1342 3960 1435 4020 ins.
1477 3960 1726 4020 adscripta
1763 3965 1878 4007 sunt
1914 3966 2001 4008 ml.
2034 3960 2089 4007 in
2118 3961 2177 4008 P·
2212 3964 2373 4008 ceten's
2403 3961 2590 4008 omissis
2621 3961 2738 4008 hacc
2770 3962 3016 4022 leguntur.-
3048 3967 3135 4026 qui
