4242 4694
1113 504 1229 560 448
1941 499 2286 548 Ambrosii

1111 675 1303 757 itaque
1356 675 1435 731 sic
1489 673 1599 731 ait:
1652 673 1850 731 sicut
1894 673 2153 731 fletum
2201 673 2404 731 Iazer
2443 673 2736 734 deflebo
2778 676 2883 744 te,
2930 673 3128 741 uitis,

1112 770 1245 843 quia
1300 770 1520 828 deserta
1575 772 1665 827 est
1720 768 1921 827 ciuitas
1977 768 2148 837 Iazer,
2208 772 2266 827 et
2318 769 2493 828 infra:
2552 770 2794 827 uinum
2857 773 3018 828 erat
3069 769 3129 826 in

1112 862 1616 922 torcularibus
1659 863 1838 921 tuis:
1879 880 2076 923 mane
2116 880 2248 922 non
2283 864 2790 933 calcauerunt‚
2825 864 3131 922 meridie

1113 962 1348 1017 autem
1428 975 1558 1016 non
1638 957 1703 1015 fe
1717 960 1987 1015 cerunt.
2059 958 2216 1015 Iazer
2283 962 2490 1034 ποίησις
2561 960 2835 1033 περισσὸς,
2918 959 3135 1016 factura

1111 1051 1394 1127 superflua
1427 1057 1515 1110 est
1539 1084 1613 1095 -
1639 1051 1944 1111 moderatio
1979 1052 2125 1110 enim
2159 1053 2430 1111 naturalis
2464 1056 2570 1120 est,
2605 1070 2776 1125 supra
2807 1070 3138 1112 mensuram
3174 1071 3193 1106 ι

1112 1147 1387 1222 quidquid
1428 1151 1515 1206 est
1547 1147 1891 1221 superfluum
1925 1147 2164 1206 habetur
2186 1181 2263 1190 —
2289 1148 2370 1205 ita
2402 1151 2490 1205 est
2522 1147 2784 1213 ebrietas,
2818 1164 2974 1221 quae
3005 1147 3140 1205 fletu

1112 1242 1439 1317 prophetico
1474 1242 1809 1314 deploratur.
1843 1242 1990 1300 unde
2024 1243 2103 1300 ait
2137 1243 2459 1317 apostolus:
2503 1243 2733 1300 nolite
2774 1243 3141 1301 inebriari

1115 1337 1312 1406 uino,
1364 1337 1429 1394 in
1481 1353 1613 1410 quo
1665 1340 1776 1394 est
1821 1337 2144 1403 luxuria,
2195 1337 2319 1394 sed
2372 1337 2778 1411 implemini
2842 1338 3142 1412 spiritu·
3206 1370 3209 1377 ·

1116 1437 1205 1490 est
1244 1449 1373 1509 ergo
1415 1431 1653 1489 ebrietas
1697 1431 1912 1505 culpae,
1954 1434 2043 1489 est
2083 1437 2141 1489 et
2180 1432 2409 1507 gratiae.
2452 1435 2509 1489 et
2546 1432 2686 1490 forte
2728 1431 2874 1489 haec
2911 1436 3141 1489 naturae

1117 1543 1257 1600 quae
1308 1526 1538 1601 gratiae,
1588 1526 1719 1598 quia
1767 1524 1838 1582 ad
1870 1526 2187 1601 imaginem
2247 1529 2304 1584 et
2363 1525 2792 1590 similitudinem
2854 1525 2951 1584 dei
3007 1526 3140 1584 facti
3166 1542 3200 1577 ιι

1117 1621 1321 1695 spiritu
1363 1624 1557 1678 sancto
1599 1619 1797 1693 repleti
1839 1636 1964 1678 csse
2006 1619 2291 1677 debemus.

923 1719 1018 1792 1¹7,
1039 1718 1111 1775 62
1195 1714 1344 1786 Quid
1379 1723 1564 1772 autem
1599 1715 2003 1773 obtestationes
2036 1716 2351 1788 potantium
2386 1715 2626 1787 loquar?
2661 1715 2795 1788 quid
2823 1731 3134 1773 memorem

1117 1812 1479 1878 sacramenta,
1515 1825 1655 1882 quae
1688 1808 1899 1866 uiolare
1933 1808 2088 1867 nefas
2123 1809 2501 1867 arbitrantur?
2525 1809 2827 1866 ‘bibamus'
2852 1809 3129 1884 inquiunt.

1012 1884 1035 1909 '
1115 1906 1266 1978 ‘opto
1332 1905 1572 1962 salutem
1632 1904 2050 1977 imperatorum,
2119 1907 2185 1962 ut
2249 1904 2344 1980 qui
2410 1905 2517 1961 non
2584 1903 2787 1960 biberit
2844 1902 2954 1961 fiat
3007 1920 3127 1962 reus
3199 1905 3210 1958 1

1117 1991 1526 2065 indeuotionis3
1579 1998 1803 2055 uidetur
1851 1998 1999 2055 enim
2050 2015 2155 2056 non
2207 2014 2390 2056 amare
2438 1992 2823 2071 imperatorem
2881 2000 2983 2073 qui
3037 2007 3177 2073 pron

1117 2094 1237 2151 eius
1275 2093 1457 2151 salute
1488 2110 1597 2150 non
1631 2093 1870 2150 biberit’.
1907 2109 1938 2150 0
1963 2093 2087 2166 piae
2115 2093 2431 2151 deuotionIs
2458 2093 2823 2166 obsequium!
2853 2094 3119 2152 ‘bibamus
3206 2115 3209 2133 ·

1118 2204 1216 2261 pro
1284 2174 1475 2245 s‘alute
1537 2187 1830 2253 exercitus,
1896 2203 1995 2259 pro
2069 2187 2341 2246 comitum
2410 2187 2640 2255 uirtute,
2711 2205 2812 2260 pro
2891 2188 3113 2247 filiorum

1119 2282 1395 2339 sanitate'.
1448 2283 1506 2339 et
1554 2281 1690 2338 haec
1740 2283 1875 2338 uota
1914 2279 1986 2339 ad
2027 2281 2192 2339 deum
2234 2283 2521 2356 peruenire
2561 2282 2813 2341 iudicant
2856 2283 3011 2341 sicut
3046 2282 3110 2340 illi

1119 2377 1214 2448 qui
1272 2376 1475 2433 calices
1536 2375 1603 2432 ad
1663 2375 1961 2447 sepulchra
2015 2379 2322 2451 martyrum
2382 2376 2636 2435 deferunt
2691 2383 2860 2450 atquc
2912 2377 3029 2435 illic
3069 2375 3126 2434 is·

1121 2486 1410 2544 uesperam
1476 2468 1705 2536 bibunt;
1749 2469 1914 2526 aliter
1970 2486 2029 2527 se
2098 2469 2340 2528 exaudiri
2404 2487 2569 2543 posse
2624 2488 2729 2528 non
2790 2473 3038 2530 credunt.
3082 2474 3136 2525 ο*

1282 2603 1302 2649 1
1340 2601 1470 2651 Hier.
1504 2602 1572 2650 31·
1601 2600 1719 2661 (48),
1753 2601 1814 2649 32
1910 2602 1939 2649 2
1972 2601 2102 2649 Hier.
2137 2602 2192 2650 31
2230 2599 2346 2662 (48),
2380 2601 2440 2649 33
2538 2603 2563 2649 7
2600 2602 2768 2663 Ephes.
2804 2603 2849 2657 5,
2889 2603 2949 2650 18

1188 2714 1208 2758 l
1246 2711 1410 2759 fletum
1448 2710 1553 2760 GH
1583 2710 1714 2758 fletui
1748 2710 1864 2757 PH¹
1898 2710 2009 2758 ficui
2042 2710 2154 2758 DP'
2264 2710 2293 2757 2
2328 2710 2455 2772 quia]
2491 2724 2610 2771 quae
2647 2710 2704 2756 H
2736 2754 2741 2761 ,
2827 2709 3105 2759 deseram-ts

1125 2795 1195 2848 (er
1235 2791 1289 2837 in
1328 2803 1424 2837 ras.
1467 2793 1569 2848 md)
1604 2789 1650 2836 1‘
1709 2781 1711 2784 ’
1804 2802 1856 2837 cs
1889 2789 1947 2836 H
2096 2789 2145 2835 in
2188 2793 2243 2846 (s.
2277 2793 2347 2848 u.)
2381 2788 2695 2836 torcolaribus
2726 2789 2774 2850 (v
2807 2805 2844 2837 s.
2883 2805 2912 2836 o
2948 2790 3049 2846 altr)
3076 2786 3111 2835 P

1125 2870 1152 2916 3
1197 2869 1393 2916 meridie
1414 2905 1424 2914 .
1450 2867 1724 2917 ..fecerunt
1756 2882 1844 2915 om.
1881 2869 1939 2915 H
2091 2868 2122 2914 4
2169 2866 2349 2930 ποίησις
2383 2867 2593 2930 περισσός
2627 2865 2697 2915 ed.
2724 2866 2888 2915 Pari&
2927 2884 2973 2915 a.
3010 2868 3114 2915 1661

1123 2933 1702 3007 MmIHTICMepiCcoT
1736 2946 1785 2994 P
1823 2946 2226 3008 mointicmepisot
2259 2946 2328 2993 H‘
2360 2945 2559 2994 mohitic
2591 2946 2821 3007 mepissot
2857 2946 2906 2994 G
2936 2945 3115 2994 moithie
3201 2952 3209 2981 ⁴-

1125 3026 1358 3086 mepiccor
1389 3025 1518 3081 DP⁴‚
1551 3026 1606 3073 in
1639 3025 1695 3073 H
1725 3030 1794 3073 est
1823 3026 2038 3085 spatium
2070 3029 2134 3072 14
2168 3025 2258 3073 litt.
2364 3027 2393 3073 6
2426 3025 2658 3087 quidquid
2691 3029 2736 3082 (c
2767 3039 2803 3072 s.
2839 3025 2892 3083 d)
2927 3026 2977 3073 P
3007 3025 3118 3088 quie

1124 3104 1240 3164 quid
1272 3109 1354 3152 cet.
1482 3104 1631 3161 fluctu
1665 3105 1711 3162 (e
1741 3117 1779 3151 s.
1816 3110 1891 3163 uc)
1915 3104 1964 3151 P
1991 3104 2102 3152 fleto
2133 3103 2178 3151 G
2273 3104 2303 3151 8
2335 3104 2634 3151 inebriamini
2665 3104 2770 3152 GH
2858 3106 2888 3152 9
2926 3106 3004 3153 est
3026 3108 3126 3153 onte

1125 3186 1173 3230 ct
1205 3198 1295 3232 om.
1332 3184 1387 3231 H
1495 3184 1651 3244 gratia
1682 3183 1730 3230 P
1836 3187 2006 3231 natura
2040 3184 2089 3231 P
2205 3185 2255 3230 et
2287 3183 2410 3230 forte
2443 3183 2561 3231 haec
2594 3187 2790 3230 naturae
2823 3197 2952 3232 eras.
2985 3185 3042 3232 in
3071 3182 3129 3239 D,

1122 3263 1208 3321 qui
1229 3276 1319 3311 om.
1347 3276 1466 3322 quae
1491 3262 1676 3323 gratiae
1700 3262 1863 3321 spatio
1888 3263 1950 3308 18
1976 3262 2066 3309 litt.
2090 3261 2274 3316 relicto.
2301 3265 2352 3309 et
2368 3301 2378 3312 .
2401 3299 2410 3308 .
2432 3299 2442 3312 .
2460 3262 2647 3322 gratiae
2672 3274 2761 3309 om.
2786 3260 2851 3307 P‘
2946 3263 3007 3310 10
3031 3262 3134 3325 quia

1123 3341 1193 3388 H‘
1228 3341 1309 3402 qui
1342 3340 1500 3403 PGH
1529 3354 1614 3387 nos
1650 3342 1807 3386 autem
1842 3341 1922 3401 qui
1954 3339 2006 3387 D
2042 3342 2148 3398 (nos
2182 3342 2338 3387 autem
2370 3353 2409 3390 s.
2441 3340 2510 3399 u.)
2545 3340 2607 3386 12‘
2739 3338 2857 3386 facti
2894 3355 3062 3388 sumus
3090 3339 3137 3389 D

1125 3422 1305 3480 (sumus
1337 3434 1376 3467 s.
1408 3423 1477 3478 u.)
1512 3419 1572 3465 P‘
1671 3419 1728 3466 12
1762 3419 2031 3479 putantium
2059 3417 2106 3463 P
2137 3418 2404 3479 potantium
2440 3420 2488 3479 (a
2519 3432 2577 3465 ex
2609 3432 2633 3464 e
2666 3421 2766 3476 m2)
2797 3416 2842 3464 G
2976 3420 3142 3481 loquor

1127 3499 1197 3546 fl‘
1323 3504 1529 3546 memore
1563 3498 1662 3559 (m2
1694 3512 1754 3545 ex
1785 3498 1983 3555 merore)
2018 3496 2076 3543 H
2203 3498 2258 3544 13
2292 3502 2593 3558 sagramenta
2626 3498 2672 3544 P
2792 3495 2953 3559 nefas]
2990 3498 3064 3546 sas
3095 3497 3143 3545 D

1130 3578 1186 3627 14
1219 3579 1333 3640 opto
1367 3577 1590 3638 salutem]
1619 3590 1710 3638 pro
1745 3576 1899 3623 salute
1937 3575 2043 3623 GH
2065 3626 2067 3628 .
2165 3576 2463 3637 imperatoris
2488 3576 2558 3623 H‘
2686 3577 2756 3635 ut]
2795 3577 2845 3622 et
2872 3574 2999 3631 GH,
3023 3583 3147 3625 recte

1118 3661 1244 3718 puto
1370 3656 1428 3703 fit
1462 3654 1565 3704 GH
1695 3656 1752 3703 15
1784 3654 2092 3702 indeuotione
2128 3653 2183 3700 H
2311 3656 2367 3702 16
2406 3654 2561 3702 salute
2596 3656 2695 3701 eius
2728 3654 2841 3702 DP'
2979 3672 3008 3704 o
3042 3657 3146 3718 piae

1132 3735 1233 3782 GH
1262 3735 1424 3797 copiae
1456 3733 1573 3782 PH‘
1609 3717 1797 3797 copiose
1831 3733 1883 3781 D
1915 3733 2103 3795 copiose
2137 3733 2195 3780 P‘
2296 3733 2352 3781 17
2388 3734 2673 3781 exercituum
2700 3733 2802 3781 GH
2902 3736 2966 3782 18
2999 3737 3146 3798 perti·

1126 3828 1237 3861 nere
1270 3814 1323 3861 D
1356 3817 1412 3871 (s.
1444 3814 1469 3861 Χ
1499 3813 1764 3876 peruenire)
1800 3813 1858 3860 P‘
1959 3813 2014 3859 19
2050 3813 2220 3860 calices
2256 3814 2300 3868 (e
2325 3827 2384 3860 ex
2407 3813 2441 3869 i)
2468 3813 2517 3860 P
2640 3812 2893 3873 sepulcr-ba
2919 3815 2971 3861 P
2992 3816 3149 3877 sepul—

1128 3908 1209 3940 cra
1243 3893 1300 3939 H
1483 3893 1725 3941 martirum
1761 3892 1808 3939 P
1994 3891 2210 3939 deferant
2241 3892 2288 3938 P
2444 3891 2505 3938 20
2539 3906 2735 3953 uespere
2773 3890 2822 3938 G
2856 3907 3067 3957 uespera
3102 3894 3153 3941 H

1193 3970 1411 4028 exaudire
1446 3972 1480 4030 (i
1511 3985 1550 4020 s.
1586 3976 1629 4028 e)
1669 3971 1720 4017 H
2423 3975 2425 3978 ’
