4242 4694
1124 513 1235 570 230
1944 512 2289 559 Ambrosii

1126 684 1368 754 consilia,
1407 691 1465 744 et
1504 686 1593 742 uis
1644 687 1784 741 scire
1827 684 2060 741 diuina?
2104 700 2209 741 non
2250 683 2384 740 lieet
2425 682 2528 738 tibi
2571 681 2851 738 curiosius
2891 681 3088 739 inuesti-

1125 795 1249 850 gare
1289 796 1427 853 quae
1468 781 1521 837 in
1564 782 1724 837 terris
1769 784 2053 853 geruntur.
2096 781 2153 836 et
2193 778 2469 835 curiosius
2511 776 2751 849 requiris
2784 776 2920 850 quid
2949 793 3090 850 supra

1125 873 1334 930 caelum
1392 877 1631 949 agatur?
1691 891 1789 931 cur
1847 883 1907 931 tu
1968 874 2221 945 disputas
2279 872 2424 929 unde
2480 875 2609 928 nata
2666 871 2744 928 sit
2807 870 3088 944 sapientia?

1127 968 1295 1023 nescit
1339 970 1500 1025 homo
1545 970 1692 1025 uiam
1734 969 1871 1036 eius,
1914 985 2014 1024 nec
2058 969 2110 1024 in
2146 966 2464 1024 hominibus
2498 966 2729 1022 inuenta
2760 970 2849 1022 est
2879 964 3092 1039 perfecta

1126 1060 1404 1132 sapientia.
1463 1079 1568 1118 non
1628 1063 1681 1117 in
1740 1063 1952 1134 Moyse.
2011 1079 2119 1118 non
2166 1061 2221 1118 in
2270 1061 2472 1127 Aaron‚
2524 1075 2629 1115 non
2676 1059 2736 1115 in
2782 1058 2914 1116 Iesu
2957 1057 3089 1115 Naue
3123 1065 3157 1112 εἰ

1125 1154 1247 1221 suit,
1314 1172 1418 1213 non
1484 1157 1536 1211 iu
1603 1156 1724 1227 ipso
1792 1155 1975 1211 Dauid
2040 1155 2136 1227 qui
2209 1155 2320 1210 ait:
2394 1154 2649 1211 incerta
2720 1155 2787 1211 ot
2857 1152 3090 1211 occulta

1126 1248 1491 1319 sapientiae
1550 1253 1700 1306 tuae
1760 1248 2215 1305 manifestasti
2270 1248 2449 1315 mihi,
2507 1248 2638 1321 quia
2692 1247 2815 1320 ipse
2874 1245 3005 1304 dixit
3047 1244 3090 1301 in

1125 1342 1554 1414 posterioribus:
1622 1344 1810 1400 uelut
1874 1344 2235 1399 iumentum
2299 1343 2520 1399 faetus
2586 1358 2727 1399 sum
2794 1339 2963 1412 apud
3023 1342 3090 1396 te.

1128 1452 1290 1507 supra
1336 1441 1389 1493 te
1441 1442 1527 1494 est
1575 1437 1733 1501 seire,
1782 1454 1813 1495 o
1864 1437 2049 1497 homo,
2092 1437 2445 1493 altitudinem
2487 1436 2813 1508 sapientiae,
2856 1434 2990 1491 satis
3023 1434 3092 1489 est

1126 1529 1227 1585 tibi
1261 1534 1324 1585 ut
1356 1530 1564 1587 eredas.
1601 1532 1657 1587 si
1690 1532 1857 1587 enim
1900 1549 2018 1588 non
2060 1530 2505 1597 credideritis,
2547 1530 2731 1603 inquit
2771 1545 2889 1587 nee
2930 1527 3140 1585 intel-u

1126 1623 1385 1696 legetis.
1436 1625 1700 1698 abyssum
1749 1625 1889 1680 scire
1938 1642 2043 1681 non
2092 1629 2272 1696 pote3‚
2322 1624 2586 1697 abyssum
2636 1641 2744 1680 non
2791 1628 2952 1696 potes
2990 1638 3089 1679 eon-

1125 1717 1471 1791 prehendere,
1541 1719 1815 1792 quomodo
1882 1719 2231 1777 altitudinem
2297 1719 2601 1792 sapientiae
2664 1716 3090 1792 conprehendes?

1125 1811 1360 1884 abyssus
1404 1815 1570 1870 dixit:
1615 1830 1735 1870 non
1779 1819 1882 1870 est
1920 1815 1982 1870 in
2026 1831 2141 1881 me,
2185 1817 2243 1871 et
2280 1819 2344 1871 tu
2382 1816 2543 1887 potes
2585 1813 2772 1871 dicere
2813 1812 2944 1886 quia
2971 1812 3021 1869 in
3047 1816 3088 1865 to

1128 1909 1215 1961 est
1253 1907 1564 1977 sapientia?

1049 2006 1125 2061 30
1203 1998 1453 2070 Abyssus
1502 2018 1632 2075 ergo
1682 2000 1852 2059 dixit:
1898 2019 2019 2059 non
2071 2004 2173 2059 est
2217 2003 2281 2059 in
2331 2018 2445 2069 me,
2495 2001 2629 2073 quia
2682 2001 2807 2074 ipse
2863 1999 3138 2058 dominum:

1127 2092 1295 2151 dixit:
1347 2111 1465 2151 non
1515 2094 1940 2168 derelinques
1991 2096 2265 2152 animam
2315 2112 2518 2152 meam
2568 2095 2631 2150 in
2674 2094 3009 2152 infernum.
3045 2093 3088 2148 et

1126 2188 1413 2259 apostolus
1470 2189 1639 2246 dixit:
1698 2189 1846 2261 quis
1903 2189 2250 2247 descendit
2304 2189 2365 2246 in
2425 2189 2781 2262 abyssum?
2839 2189 2955 2246 hoe
3005 2188 3087 2242 est

1129 2278 1460 2338 Christum
1533 2299 1604 2339 ex
1674 2283 1953 2341 mortuis
2026 2282 2362 2341 deducere.
2433 2299 2566 2356 ergo
2634 2282 2687 2340 si
2748 2284 3087 2356 interrogatur

1129 2372 1397 2446 abyssus:
1433 2377 1527 2434 ubi
1571 2382 1659 2435 est
1698 2378 2013 2452 sapientia?
2054 2378 2384 2452 respondet:
2425 2394 2545 2434 non
2589 2382 2692 2434 est
2730 2378 2795 2435 in
2836 2395 2949 2446 me,
2986 2372 3085 2448 quia

1128 2468 1442 2526 resurrexit.
1507 2472 1556 2528 si
1611 2472 1981 2546 interrogatur
2035 2489 2221 2528 mare:
2277 2471 2377 2528 ubi
2433 2475 2521 2528 est
2576 2472 2896 2543 sapientia?
2949 2469 3135 2527 dicit-,220

1130 2579 1252 2618 nou
1309 2571 1410 2620 est
1463 2580 1731 2633 mecum,
1789 2565 1921 2637 quia
1978 2565 2217 2621 oalcauit
2273 2581 2360 2620 me
2417 2580 2514 2620 nec
2571 2563 2779 2622 fluctus
2838 2565 2947 2621 mei
2996 2575 3086 2620 eam

1129 2656 1350 2713 turbare
1398 2661 1714 2728 potuerunt.
1766 2662 1823 2715 et
1870 2662 1933 2714 tu
1984 2675 2114 2731 ergo
2163 2659 2218 2714 in
2271 2658 2374 2715 hoc
2424 2658 2633 2714 saeculi
2683 2658 2856 2716 istius
2902 2658 3090 2731 positus

1129 2749 1268 2807 freto
1308 2751 1420 2807 noli
1462 2752 1759 2824 perfectam
1800 2752 1955 2808 illam
1998 2752 2087 2808 dei
2129 2752 2459 2824 sapientiam
2495 2752 2546 2807 in
2582 2752 2688 2808 hoc
2721 2752 2928 2811 mundo
2962 2761 3104 2825 quae·

1130 2860 1265 2910 rere,
1308 2846 1436 2918 quia
1474 2845 1715 2901 mundus
1757 2863 1876 2902 eam
1913 2864 2018 2903 uon
2054 2846 2334 2920 cognouit.
2369 2846 2468 2902 sed
2501 2846 2548 2902 si
2582 2845 2671 2902 uis
2705 2863 2828 2904 eam
2860 2845 3125 2904 inuenire,

1130 2939 1284 2995 calca
1330 2939 1534 2999 fluctus
1581 2940 1747 2996 istius
1798 2942 2005 3007 muudi,
2057 2943 2205 2998 sieut
2252 2941 2494 2996 caleauit
2545 2940 2764 3008 Petrus,
2807 2944 2866 2998 et
2904 2930 3151 2998 ambissss

1129 3050 1296 3105 super
1341 3050 1511 3105 aquas
1563 3034 1725 3090 istius
1778 3036 2004 3091 saeculi.
2054 3035 2301 3108 porriget
2349 3035 2451 3090 tibi
2502 3035 2779 3091 dexteram
2842 3025 3157 3108 sapienciss

1286 3219 1314 3264 6
1348 3217 1521 3264 Psalm.
1557 3218 1591 3264 L
1627 3218 1656 3265 8
1766 3218 1796 3264 8
1829 3219 2004 3267 Psalm.
2039 3218 2213 3266 Lxxu
2245 3220 2306 3264 :22
2407 3220 2462 3265 10
2495 3218 2622 3268 Esai.
2657 3221 2699 3272 7,
2736 3221 2766 3267 9
2864 3219 2922 3267 16
2953 3218 3094 3266 Psal-

1131 3295 1215 3341 ΧΥ
1252 3295 1309 3343 10
1407 3296 1460 3341 Π
1499 3295 1630 3342 Rom.
1670 3296 1741 3352 10,
1777 3297 1801 3342 ἰ’
1900 3298 1955 3344 21
1991 3297 2162 3344 Matth.
2205 3298 2273 3345 14.
2309 3300 2370 3344 ’.36
2467 3299 2526 3344 25
2566 3297 2740 3344 Matth.
2778 3297 2853 3353 14,
2884 3296 2946 3344 29

1196 3421 1223 3465 ἵ)-
1256 3433 1369 3466 sron
1401 3420 1450 3464 R
1546 3420 1571 3465 ’ἵ
1605 3423 1717 3466 tuse
1751 3434 1838 3466 om.
1872 3421 1922 3468 P
1952 3424 2055 3483 (τῆς
2091 3421 2251 3482 πικρίας
2289 3438 2368 3467 που
2402 3420 2572 3477 LXX)
2669 3421 2698 3467 9
2733 3420 2856 3469 scire
2889 3423 2966 3468 est
2994 3415 3157 3480 sup

1135 3502 1245 3554 (oin.
1276 3500 1344 3551 te)
1384 3497 1425 3542 (⁷
1547 3497 1666 3544 scire
1699 3501 1773 3544 est
1804 3497 1852 3543 R
1950 3499 2008 3545 10
2040 3499 2194 3559 inquit
2226 3513 2313 3544 om.
2350 3500 2397 3545 B
2522 3498 2626 3560 nec]
2662 3513 2758 3546 non
2783 3499 2831 3547 Β
2957 3486 3157 3545 ἰιιῒ.ειΙ,-ΛΙ

1134 3574 1249 3633 gitis
1282 3575 1328 3620 B
1425 3574 1479 3621 11
1517 3574 1735 3634 abyssum
1763 3590 1841 3636 pr.
1869 3581 1915 3636 Q·
1950 3590 2007 3623 er
2039 3576 2074 3633 i)
2108 3577 2155 3623 P
2241 3579 2296 3623 1:ss
2329 3580 2381 3623 tu
2415 3591 2450 3623 s.
2484 3590 2532 3624 u.
2565 3576 2615 3623 P
2700 3577 2760 3623 16
2791 3576 2976 3623 inferno
3007 3575 3055 3623 P

1134 3665 1193 3698 ex
1225 3655 1273 3713 u)
1436 3653 1488 3698 17
1524 3653 1604 3714 qui
1639 3652 1750 3700 111⁸
1913 3654 1969 3701 19
2002 3654 2175 3714 abysus
2209 3654 2255 3702 P
2439 3654 2698 3718 respondet
2728 3654 2778 3702 P
2809 3654 2856 3716 (e
2889 3654 2976 3702 alt.
3009 3666 3065 3701 ex

1137 3730 1197 3777 :30
1231 3733 1304 3777 est
1336 3745 1423 3778 om.
1458 3731 1510 3778 D
1619 3733 1673 3778 21
1712 3747 1892 3779 iuecum
1928 3748 2022 3780 non
2056 3737 2130 3780 est
2163 3733 2272 3781 DI*
2401 3735 2512 3794 quia
2545 3748 2633 3781 om.
2668 3733 2716 3780 B
2818 3733 2879 3781 23
2913 3728 3157 3794 quaere?-

1138 3808 1185 3855 in
1220 3809 1308 3855 boo
1340 3807 1513 3855 inundo
1548 3808 1593 3853 B
1689 3813 1748 3858 25
1781 3810 1921 3857 huius
1955 3811 2115 3858 mundi
2142 3812 2189 3857 B
2283 3813 2343 3860 :26
2377 3814 2544 3873 aquas]
2579 3811 2730 3859 undas
2754 3812 2802 3858 B
2926 3807 3157 3871 porrigz

1137 3886 1185 3933 1⁸
1216 3893 1260 3946 (e
1295 3901 1352 3934 ex
1385 3888 1421 3937 i)
1456 3885 1502 3932 Β
1534 3889 1738 3949 porrigit
1773 3892 1812 3932 (Γ
1844 3899 1891 3935 rt
1927 3891 2135 3950 porriget
2162 3890 2273 3937 DP‘
2370 3890 2609 3938 dexteram
2635 3890 2683 3937 P
2716 3893 2761 3948 (x
2787 3903 2822 3936 s.
2848 3890 2917 3948 u.)
3009 3885 3157 3947 ⁸⁸12

1140 3965 1269 4012 entia
1302 3964 1539 4012 dexteram
1573 3966 1620 4012 B
