4242 4694
1211 483 1263 541 X
2016 481 2400 530 Praefatio.

1213 654 1483 729 quaedam
1529 652 1770 712 latitudo
1821 651 2260 727 deprehenditur,
2310 656 2474 727 atque
2531 652 2841 711 elocutione
2900 654 3206 713 differentia

1212 766 1433 825 quoque
1482 748 1724 823 adparet.
1783 747 2019 819 denique
2067 749 2216 805 recte
2267 747 2704 807 obseruauerunt
2741 748 2980 808 Maurini
3020 751 3206 824 apolo-

1213 843 1335 920 giae
1384 844 1612 902 alterius
1663 842 1986 917 scriptorem
2032 841 2088 898 in
2140 858 2325 899 sacrae
2373 843 2677 917 scripturae
2716 843 2854 901 locis
2895 843 3204 904 adferendis

1210 955 1621 1011 nonnumquam
1679 954 1741 995 ex
1798 936 1905 994 alio
1966 952 2131 1009 quam
2187 953 2295 1010 quo
2341 936 2670 996 Ambrosius
2727 938 2812 995 uti
2861 938 3007 997 solet
3052 938 3204 998 fonte

1211 1032 1465 1091 hausisse
1486 1031 1545 1107 ¹).
1589 1048 1728 1105 qnae
1782 1047 1909 1088 cum
1963 1032 2043 1088 ita
2098 1029 2230 1100 sint,
2287 1031 2419 1105 quin
2468 1032 2536 1089 ab
2584 1032 2876 1090 Ambrosio
2924 1032 3015 1091 hic
3064 1033 3205 1091 liber

1213 1126 1614 1185 abiudicandus
1672 1126 1750 1184 sit
1792 1142 1902 1184 non
1950 1125 2161 1195 dubito,
2212 1124 2310 1184 sed
2357 1126 2426 1183 ad
2476 1143 2638 1200 quem
2688 1130 2968 1184 auctorem
3016 1127 3205 1184 redeat

1211 1238 1338 1280 cum
1398 1221 1595 1279 ceteris
1646 1219 1740 1294 qui
1789 1220 1854 1277 de
1903 1219 2006 1276 hac
2054 1236 2111 1277 re
2159 1219 2587 1294 disputauerunt
2630 1238 2720 1278 me
2759 1221 2971 1279 nescire
3012 1220 3205 1281 fateor.

1211 1331 1320 1374 non
1360 1314 1509 1390 fugit
1548 1331 1676 1372 sane
1719 1312 2011 1372 Gillotium
2054 1313 2477 1372 similitudinem
2518 1313 2789 1387 quandam
2831 1314 2977 1372 inter
3022 1316 3206 1389 apolo-

1209 1410 1332 1486 giae
1373 1408 1603 1466 alterius
1645 1408 1968 1482 scriptorem
2017 1411 2073 1465 et
2112 1426 2237 1465 eum
2279 1408 2374 1482 qui
2415 1425 2692 1466 sermones
2732 1408 2799 1465 de
2849 1408 3204 1467 sacramentis

1208 1503 1378 1577 uolgo
1433 1502 1726 1560 Ambrosio
1792 1502 2101 1576 adscriptos
2166 1503 2482 1575 composuit
2542 1502 2879 1566 intercedere
2937 1520 3000 1562 eo
3058 1502 3205 1578 quod

1208 1600 1443 1671 uterque
1496 1597 1688 1655 eodem
1737 1596 1900 1655 modo
1950 1597 2016 1655 de
2063 1597 2381 1655 infirmitate
2428 1598 2583 1655 uocis
2632 1613 2765 1656 suae
2807 1600 3068 1672 queratur
3107 1596 3203 1672 (cf.

1212 1691 1327 1750 376
1398 1691 1432 1749 6
1481 1690 1567 1749 ‘de
1614 1691 1915 1766 fragilitate
1962 1690 2140 1748 nocis'
2187 1693 2245 1748 et
2292 1689 2358 1749 de
2408 1708 2543 1749 sacr.
2593 1692 2621 1750 1
2670 1692 2724 1758 6,
2767 1693 2839 1749 24
2882 1690 3205 1750 ‘secundum

1209 1785 1569 1861 fragilitatem
1623 1784 1844 1860 uocis’).
1899 1801 2234 1858 quamquam
2290 1785 2648 1843 uehementer
2694 1785 2916 1854 errauit,
2964 1797 3091 1842 curn
3142 1802 3208 1843 ea

1208 1897 1267 1938 re
1314 1878 1622 1939 confirmari
1667 1878 1892 1953 putauit
1937 1881 1994 1936 et
2032 1878 2342 1954 apologiam
2386 1878 2613 1936 alteram
2653 1881 2709 1935 et
2748 1894 3026 1936 sermones
3065 1878 3196 1937 illos

1210 1973 1281 2031 ad
1318 1973 1673 2032 Ambrosium
1721 1973 2036 2030 referendos
2085 1989 2225 2038 esse,
2277 1973 2367 2030 cui
2413 1973 2468 2029 in
2525 1972 2726 2030 orando
2782 1989 2946 2048 saepe
2999 1989 3195 2031 uocem

1208 2068 1502 2126 obtunsam
1543 2067 2055 2148 esse—Augustinus
2094 2068 2397 2123 testaretur
2436 2066 2709 2141 (Confess.
2753 2065 2828 2122 VI
2868 2068 2924 2134 3,
2957 2066 3037 2142 3).
3071 2082 3199 2123 nam

1206 2164 1355 2221 recte
1411 2164 1753 2237 negauerunt
1798 2161 2038 2219 Maurini
2092 2160 2150 2217 id
2205 2160 2378 2219 ullius
2424 2160 2690 2219 momenti
2739 2177 2880 2230 esse,
2929 2161 3022 2235 qui
3072 2164 3198 2234 apte

1208 2256 1407 2314 Basilii
1463 2256 1530 2314 de
1584 2257 1742 2315 nocis
1798 2273 1930 2313 suae
1984 2254 2300 2312 infirmitate
2356 2256 2633 2328 querentis
2689 2255 2860 2313 uerba
2916 2255 3088 2331 (hom.
3144 2254 3200 2310 in

1209 2350 1406 2423 psalm.
1447 2348 1561 2424 1)²)
1602 2349 1936 2407 adtulerunt.
1980 2348 2150 2406 simul
2190 2364 2255 2406 ea
2292 2365 2350 2406 re
2389 2366 2736 2424 nequaquam
2766 2348 2825 2407 id
2857 2348 3004 2408 effici
3036 2348 3201 2422 adpa-

1209 2446 1312 2510 ret,
1351 2445 1417 2500 ut
1456 2443 1768 2517 apologiam
1809 2443 2037 2501 alteram
2077 2446 2135 2501 et
2166 2445 2499 2517 opusculum
2533 2444 2598 2501 de
2632 2444 2990 2502 sacramentis
3022 2442 3202 2501 eidem

1211 2536 1424 2595 auctori
1477 2536 1718 2595 tribuere
1772 2537 1956 2596 liceat.
2011 2554 2185 2612 neque
2239 2539 2464 2596 maioris
2517 2539 2782 2596 momenti
2829 2542 2917 2596 est
2963 2538 3032 2596 ad
3079 2548 3201 2595 eam

1211 2647 1328 2688 rem
1392 2631 1853 2706 comprobandam
1913 2630 2062 2704 quod
2130 2631 2185 2688 in
2257 2635 2493 2705 utroque
2564 2632 2755 2691 libello
2827 2630 3019 2689 eadem
3088 2631 3203 2689 fere

1212 2724 1451 2782 uerbosa
1506 2724 1808 2798 explicandi
1855 2726 1994 2783 ratio
2034 2726 2411 2800 molestasque
2451 2726 2804 2800 repetitiones
2845 2730 2902 2784 et
2941 2726 3202 2802 ambages

1213 2819 1350 2877 satis
1399 2819 1715 2893 frequentes
1764 2819 2140 2880 inueniuntur.
2162 2819 2207 2895 ³)
2264 2819 2363 2878 sed
2410 2821 2592 2878 simile
2641 2819 2776 2895 qnid
2815 2837 2945 2879 sane
2984 2820 3204 2894 utrique

1212 2911 1514 2987 contigisse
1561 2912 1799 2972 uidetur.
1857 2914 2058 2971 etenim
2108 2914 2162 2971 in
2212 2914 2557 2988 amplissimo
2597 2914 2693 2972 illo
2737 2931 3049 2974 sermonum
3091 2931 3204 2972 cor-

1210 3023 1361 3080 pore,
1404 3007 1552 3080 quod
1591 3007 1779 3065 codice
1821 3024 1866 3064 s.
1901 3005 2044 3065 Galli
2094 3009 2200 3066 188
2244 3009 2337 3080 qui
2380 3011 2467 3066 est
2498 3009 2703 3067 saeculi
2736 3010 2842 3067 VH
2874 3010 3205 3087 continetur,

1214 3099 1547 3174 opusculum
1597 3100 1664 3159 de
1714 3103 2073 3161 sacramentis
2120 3102 2327 3178 legitur
2372 3104 2428 3161 in
2477 3120 2758 3162 sermones
2800 3104 2906 3160 VII
2946 3102 3204 3160 distribu-

1216 3198 1337 3252 tum
1357 3193 1409 3271 ⁴)
1449 3195 1550 3251 hac
1591 3195 1946 3270 inscriptione
1988 3198 2225 3255 sermoni
2272 3198 2448 3272 primo
2498 3197 2736 3256 adiecta:
2786 3197 2992 3269 ‘incipit
3031 3196 3209 3269 prima

1215 3289 1333 3346 dies
1374 3289 1428 3346 in
1470 3289 1717 3363 pascha';
1777 3290 1975 3348 ceteris
2015 3292 2312 3364 praefixum
2355 3294 2467 3348 est:
2524 3292 2676 3348 ‘item
2715 3290 3037 3363 sequentia'‚
3081 3292 3205 3347 ante

1296 3488 1331 3547 ¹)
1364 3488 1491 3550 quod
1532 3489 1795 3537 accuratius
1836 3489 2154 3538 demonstrare
2195 3490 2245 3536 et
2282 3488 2475 3550 longum
2518 3491 2593 3535 est
2623 3501 2776 3549 neque
2807 3487 2947 3536 huius
2980 3488 3071 3537 loci
3104 3504 3207 3538 esse

1220 3564 1432 3614 uidetur„

1295 3642 1332 3702 ²)
1366 3644 1390 3691 1
1422 3646 1513 3693 227
1552 3645 1592 3693 Β
1635 3644 1709 3691 διὰ
1737 3646 1822 3707 τὴν
1855 3646 2106 3709 οὑντρόφον
2141 3644 2382 3692 ἀσθένειαν
2413 3649 2498 3707 τῆς
2530 3651 2689 3707 φωνῆς
2720 3644 2845 3709 ἡμᾶς
2877 3644 3206 3715 ἐπιλιπούσης.

1297 3722 1334 3782 ³)
1369 3723 1427 3771 cf.
1458 3723 1564 3775 Ihm
1598 3723 1735 3775 Stud.
1768 3724 1982 3774 Ambros.
2015 3739 2061 3785 p.
2097 3725 2169 3771 71.

1296 3802 1333 3865 ⁴)
1366 3803 1600 3851 sectiones
1631 3802 1758 3850 XXV
1792 3807 1841 3850 et
1872 3802 2025 3850 XXVI
2049 3802 2277 3850 sermonis
2300 3802 2366 3849 VI
2392 3818 2421 3850 a
2444 3803 2613 3851 ceteris
2647 3803 2871 3866 peculiari
2903 3804 3068 3852 titulo:
3102 3804 3208 3850 ‘VII

1217 3880 1331 3928 item
1373 3882 1634 3943 sequentia·
1669 3880 1920 3929 distinctae
1960 3884 2085 3939 sunt,
2119 3880 2247 3943 quod
2289 3880 2566 3944 doxologiae
2598 3883 2646 3930 in
2680 3884 2889 3930 sectione
2920 3880 3107 3930 XXIIII
3139 3882 3208 3928 ul·

1218 3959 1336 4005 tima
1368 3959 1549 4021 positae
1580 3957 1848 4019 respondet.
