4242 4694
1180 506 1293 562 224
2009 502 2352 551 Ambrosii

1179 675 1652 735 confusionis,
1712 675 2125 748 inuestigor
2182 675 2375 732 sicut
2429 677 2539 733 leo
2597 674 2677 733 ad
2734 691 3000 737 necem.
3061 674 3197 733 uide

1179 768 1312 827 tria:
1347 770 1408 827 si
1441 786 1854 844 peccauero‚
1887 769 2072 842 inquit
2103 768 2477 826 custodies
2511 786 2638 826 me:
2666 773 2724 827 et
2752 769 2899 840 ideo,
2936 786 2970 828 o
3003 769 3195 840 homo,

1175 864 1352 921 fatere
1399 867 1711 938 peccatum,
1760 867 1827 921 ut
1873 864 2094 921 ueniam
2145 864 2521 937 consequaris.
2581 864 2690 921 dic
2746 864 3194 937 iniquitates

1176 963 1361 1026 tuas,
1405 962 1482 1016 ut
1520 959 1991 1017 iustificeris.
2033 958 2168 1032 quid
2208 958 2490 1016 erubescis
2532 959 2695 1016 fateri
2737 975 2848 1025 eas,
2887 958 2948 1015 in
2982 959 3194 1032 quibus

1182 1055 1347 1111 natus
1409 1070 1466 1110 es
1487 1056 1513 1110 ?
1578 1053 1854 1127 negantiS,
1919 1071 2025 1111 non
2091 1053 2316 1111 fatentis
2374 1055 2463 1111 est
2517 1053 2723 1110 crimen
2780 1070 2984 1128 negare
3042 1053 3195 1128 quod
3244 1075 3266 1111 s
3286 1062 3315 1111 Β

1184 1150 1350 1204 natus
1392 1147 1485 1203 sis.
1529 1147 1679 1221 quod
1720 1148 1987 1221 accepisti
2027 1147 2240 1205 utinam
2284 1164 2498 1205 serues.
2538 1163 2638 1205 cur
2677 1150 2844 1221 putes
2884 1150 2945 1205 te
2988 1148 3195 1206 babere

1183 1240 1333 1313 quod
1358 1258 1463 1298 non
1491 1242 1815 1316 acceperis?
1849 1259 1980 1317 ergo
2013 1246 2271 1314 peccator
2302 1242 2560 1309 fateatur,
2594 1241 2801 1315 impius
2834 1242 3193 1317 ingemiscat,

1183 1335 1369 1392 iustus
1417 1351 1523 1391 non
1575 1351 1635 1392 se
1684 1335 1863 1408 erigat
1903 1337 1959 1392 et
1998 1335 2244 1402 extollat,
2284 1351 2353 1392 ue
2394 1351 2493 1408 per
2531 1335 2901 1408 arrogantiam
2943 1335 3193 1395 fruct-um

1065 1424 1148 1483 20
1188 1428 1437 1485 iustitiae
1480 1429 1720 1486 amittat.
1762 1432 1819 1485 et
1856 1430 2087 1502 pulchre
2129 1429 2238 1486 ait:
2291 1429 2349 1486 si
2398 1430 2638 1486 iustus
2689 1446 2856 1498 sum,
2907 1446 3013 1487 me
3062 1447 3192 1488 non

1185 1537 1474 1594 possum
1539 1521 1855 1596 erigere3
1920 1522 2177 1595 plenus
2245 1522 2425 1579 enim
2491 1540 2640 1580 sum
2714 1523 3192 1583 confusionis.
3222 1546 3259 1581 ιο

1184 1616 1372 1673 iustus
1424 1614 1568 1672 enim
1619 1614 1861 1673 aduertit
1908 1616 2088 1691 magis
2130 1616 2494 1691 fragilitatem
2535 1633 2693 1674 suam
2736 1633 2903 1689 quam
2948 1618 3002 1677 iu

1185 1709 1408 1782 sapiens
1472 1710 1744 1783 agnoscit,
1809 1727 1918 1768 non
1982 1711 2239 1784 agnoscit
2292 1710 2579 1784 insipiens.
2641 1711 2879 1785 denique
2933 1711 3189 1785 lapsibus

1185 1805 1304 1862 suis
1385 1805 1606 1877 sapiens
1687 1804 2083 1880 conpnngstnr,
2165 1804 2434 1878 insipiens
2516 1804 2857 1877 delectatur:
2938 1806 3188 1864 iustus
3284 1812 3312 1863 C

1184 1904 1569 1959 accusator
1624 1901 1736 1957 est
1790 1899 1920 1966 sui,
1975 1898 2222 1956 iniustus
2281 1898 2561 1964 adsertor;
2616 1899 2805 1957 iustus
2861 1901 3188 1974 praeuenire

1185 1994 1313 2052 uult
1352 1997 1728 2054 accusatorem
1772 1993 2119 2051 confessione
2152 1992 2385 2065 peccati,
2418 1992 2662 2050 iniustus
2696 1996 2989 2065 peccatum
3022 2012 3188 2053 suum
3221 2016 3256 2052 a

1184 2091 1468 2148 occultare
1535 2088 1828 2145 desiderat.
1886 2087 1981 2144 ille
2038 2087 2092 2143 in
2150 2086 2422 2159 principio
2480 2086 2750 2144 sermonis
2807 2088 3072 2156 occurrit,
3128 2092 3191 2146 ut

1186 2184 1385 2258 prodat
1424 2200 1680 2250 errorem,
1712 2182 1822 2239 iste
1855 2181 2210 2254 multiloquio
2245 2180 2517 2237 sermonis
2550 2180 2640 2237 sui
2673 2197 2931 2238 somnum
2964 2198 3188 2240 accusa-

1182 2277 1357 2335 tionis
1398 2276 1657 2340 inuoluit,
1699 2292 1767 2333 ne
1807 2276 2006 2349 prodat
2044 2291 2298 2333 errorem.

1023 2364 1089 2437 Ἴ,
1110 2368 1177 2422 21
1263 2371 1475 2429 Iterum
1518 2371 1764 2428 adiciens
1806 2370 1972 2428 dicit:
2027 2386 2239 2443 quare
2290 2369 2760 2442 adscripsisti
2809 2369 3187 2429 aduersum
3277 2378 3310 2426 n

1185 2483 1286 2523 me
1312 2466 1492 2523 mala
1515 2468 1583 2523 et
1615 2464 2027 2538 adposuisti
2062 2463 2231 2521 mihi
2265 2464 2813 2522 adulescentiae
2844 2468 3186 2537 peccata?
3213 2486 3254 2523 s·

1185 2560 1414 2634 pulchre
1476 2560 1532 2617 id
1599 2561 1796 2617 aetatis
1863 2560 2094 2633 arripuit
2158 2558 2227 2617 ad
2291 2559 2611 2631 querellam,
2678 2574 2819 2631 quae
2874 2559 3060 2634 magis
3118 2560 3186 2618 ad

1184 2653 1392 2711 uitium
1423 2654 1638 2712 lubrica
1670 2671 1793 2711 esse
1827 2653 2135 2711 consueuit.
2166 2652 2334 2710 habet
2357 2652 2503 2709 enim
2529 2652 2767 2726 pueritia
2792 2653 3187 2724 innocentiam,

1184 2751 1447 2806 senectus
1488 2748 1856 2821 prudentiam,
1899 2748 2023 2821 ipsa
2062 2747 2245 2804 uicina
2278 2746 2685 2804 adulescentiae
2718 2747 2980 2804 iuuentae
3012 2748 3188 2806 bonae

1342 2979 1371 3027 3
1402 2978 1529 3027 Esai.
1562 2979 1639 3034 43,
1671 2978 1732 3026 26
1874 2980 1903 3026 5
1935 2978 2107 3026 Psalm.
2141 2978 2179 3027 L
2213 2978 2239 3024 7
2357 2978 2413 3025 13
2445 2976 2670 3024 Prouerb.
2707 2977 2779 3027 18.
2816 2978 2874 3026 17
3007 2979 3067 3027 19
3098 2978 3184 3027 Iob

1186 3057 1262 3113 13,
1297 3057 1356 3106 26

1248 3166 1277 3212 3
1301 3165 1377 3213 dic
1407 3166 1616 3226 (inquit)
1641 3167 1784 3213 tacite
1800 3166 2031 3213 Mam-ini
2092 3169 2123 3213 4
2148 3165 2384 3212 erubescis
2404 3165 2450 3211 P
2470 3164 2512 3227 (s
2539 3165 2625 3211 alt.
2653 3179 2709 3213 ex
2732 3170 2776 3223 t;
2804 3180 2829 3213 e
2856 3166 2943 3213 alt.
2971 3167 3061 3215 ai
3081 3170 3184 3224 nl)

1248 3243 1389 3291 fateri
1411 3242 1524 3290 DP⁴
1556 3258 1728 3305 negare
1760 3250 1843 3291 cet.
1909 3247 1937 3292 5
1965 3259 2014 3291 es
2039 3244 2087 3290 Β
2119 3247 2193 3291 est
2218 3243 2265 3290 P
2295 3246 2337 3300 (t
2359 3242 2469 3300 del.)
2501 3243 2542 3290 C
2567 3244 2640 3298 (in
2662 3258 2756 3305 quo
2783 3248 2857 3291 est
2883 3247 3045 3296 ustus)
3070 3244 3187 3292 DP‘

1186 3323 1216 3370 6
1249 3325 1386 3383 putas
1418 3321 1576 3369 DP⁴G
1669 3323 1694 3369 7
1729 3322 1954 3383 acciperis
1984 3322 2033 3370 P
2063 3325 2203 3379 (corr.
2237 3324 2335 3379 m4)
2434 3321 2462 3369 8
2497 3321 2653 3382 erigat
2683 3321 2731 3369 P
2759 3321 2797 3383 (i
2828 3336 2888 3370 ex
2920 3325 2965 3380 e)
3080 3324 3111 3370 9
3143 3329 3186 3371 et

1184 3401 1241 3448 21
1265 3400 1456 3461 pulcrhe
1475 3400 1520 3447 Ρ
1579 3401 1608 3447 9
1633 3415 1725 3447 non
1751 3415 1940 3461 possum
1964 3414 2038 3447 me
2055 3401 2108 3448 D
2173 3399 2231 3447 10
2256 3414 2358 3446 sum
2387 3400 2509 3447 enim
2526 3399 2575 3445 Β
2641 3401 2694 3447 11
2724 3399 2877 3461 magis
2902 3399 3116 3449 aduertit
3137 3401 3186 3448 Β

1248 3479 1476 3526 lacunam
1517 3478 1764 3538 indicaui;
1804 3493 1942 3540 quam
1999 3478 2225 3539 insipiens
2275 3478 2494 3538 agnoscit
2541 3478 2700 3525 PDP‘
2749 3491 2888 3538 quam
2936 3479 3181 3540 insipiens.

1185 3561 1238 3604 et
1273 3557 1479 3604 iniustus
1519 3557 1678 3618 lapsus
1711 3572 1821 3604 suos
1853 3557 1929 3619 (ex
1960 3560 2086 3613 scos)
2122 3557 2338 3618 agnoscit
2370 3556 2418 3602 B
2461 3571 2600 3617 quam
2633 3557 2876 3618 insipiens.
2911 3560 2961 3604 et
2993 3557 3183 3619 sapiens

1181 3636 1404 3696 agnoscit
1439 3636 1490 3683 C.
1524 3649 1664 3697 quam
1696 3635 1929 3687 inductus
1971 3638 2021 3681 et
2051 3634 2210 3697 lapsus
2243 3649 2379 3681 suos)
2414 3635 2603 3695 sapiens
2641 3635 2879 3687 Gelenius.
2902 3636 3029 3696 sort.
3060 3641 3184 3684 recte

1189 3715 1246 3761 16
1280 3713 1481 3761 occurrit
1512 3727 1600 3761 om.
1633 3713 1745 3761 DP'
1812 3714 1867 3761 17
1901 3713 1992 3761 iste
2024 3727 2064 3761 s.
2094 3728 2142 3760 u.
2175 3712 2223 3760 Β
2317 3728 2481 3761 sonum
2514 3712 2786 3763 Uaticanus
2808 3716 2917 3762 287
2946 3715 3181 3763 somnium

1185 3793 1429 3841 Παιήονα
1460 3791 1679 3848 Schenkl.
1712 3793 1824 3852 fort.
1857 3797 1979 3840 recte
2130 3792 2186 3839 19
2221 3791 2513 3853 abscripsisti
2548 3792 2596 3840 P
2625 3792 2910 3855 asscripsisti
2947 3792 2997 3839 Β
3037 3792 3181 3841 ascri-

1186 3870 1326 3932 psisti
1368 3869 1409 3917 C
1447 3869 1738 3931 obscripsisti
1781 3869 1893 3917 DP¹
2048 3869 2111 3917 20
2151 3884 2225 3917 me
2259 3870 2401 3930 mala]
2444 3871 2568 3918 mela
2599 3871 2648 3918 P
2771 3872 2904 3934 mihi]
2930 3871 3180 3921 aduersum

1182 3962 1260 3994 me
1292 3947 1340 3995 Β
1432 3950 1489 3995 21
1520 3947 1840 4009 querellamP
1862 3948 2100 4009 querelam
2134 3952 2217 3995 cet.
2313 3948 2374 3996 23
2407 3948 2632 3995 iuuentus
2650 3949 2764 3998 DP‘
2899 3938 2905 3943 ’
