4242 4694
1127 525 1198 583 18
1942 519 2292 570 Ambrosii

1122 693 1267 752 illud
1314 694 1454 752 mihi
1500 694 1730 768 prodest
1777 694 1927 768 quod
1974 711 2080 752 non
2129 694 2502 752 iustificamur
2547 713 2610 753 ex
2659 696 2917 770 operibus
2956 697 3117 772 legis.

1123 805 1231 846 non
1281 789 1459 847 habeo
1501 788 1673 863 igitur
1712 788 1858 847 unde
1899 788 2124 864 gloriari
2162 788 2218 846 in
2262 789 2519 863 operibus
2559 790 2699 850 meis
2737 791 2969 864 possim,
3010 808 3119 849 non
3229 794 3270 845 Ρ

1123 882 1299 941 habeo
1325 882 1472 940 unde
1496 899 1585 940 me
1609 883 1812 940 iactem
1839 884 1898 939 et
1921 881 2044 940 ideo
2075 881 2354 958 gloriabor
2375 882 2432 940 in
2453 881 2693 942 Christo.
2718 901 2825 942 non
2845 884 3124 960 gloriabor

1125 976 1257 1049 quia
1286 976 1473 1034 iustus
1509 994 1653 1046 sum,
1688 976 1789 1034 sed
1822 976 2101 1050 gloriabor
2134 976 2265 1049 quis
2301 976 2620 1051 redemptus
2661 994 2805 1038 sum.
2848 978 3124 1054 gloriabor

1124 1086 1232 1128 non
1272 1072 1403 1144 quia
1441 1087 1656 1129 uacuus
1696 1071 1943 1144 peccatis
1986 1087 2129 1138 sum,
2165 1069 2266 1128 sed
2301 1071 2431 1144 quia
2463 1071 2599 1128 mihi
2629 1071 2867 1130 remissa
2896 1077 3126 1146 peccata
3177 1094 3200 1129 s

1125 1167 1273 1222 sunt.
1332 1182 1439 1223 non
1496 1165 1776 1241 gloriabor
1832 1164 1963 1238 quia
2025 1163 2212 1237 profui
2278 1176 2454 1237 neque
2519 1165 2652 1238 quia
2710 1165 2922 1239 profuit
2984 1167 3123 1224 mihi

1126 1258 1441 1333 quisquam,
1484 1258 1584 1317 sed
1624 1259 1754 1333 quia
1792 1275 1891 1332 pro
1932 1274 2022 1315 me
2063 1257 2373 1316 aduocatus
2415 1258 2564 1332 apud
2600 1262 2813 1333 patrem
2866 1259 3122 1318 Christus

1129 1355 1234 1423 est,
1284 1353 1417 1426 quia
1460 1369 1559 1426 pro
1599 1354 1696 1410 'me
1747 1351 1955 1409 Christi
2006 1351 2235 1427 sanguis
2277 1351 2486 1410 effusus
2528 1354 2630 1412 est.
2670 1353 2821 1411 facta
2858 1355 2948 1411 est
2986 1354 3124 1411 mihi

1125 1446 1291 1520 culpa
1313 1464 1438 1505 mea
1460 1463 1672 1505 merces
1698 1446 2117 1520 redemptionis,
2142 1462 2241 1520 per
2265 1463 2430 1519 qusm
2449 1446 2588 1503 mihi
2605 1446 2861 1505 Christus
2880 1447 3123 1506 aduenit.

1123 1543 1351 1615 propter
1389 1558 1478 1599 me
1520 1540 1776 1599 Christus
1809 1543 2045 1599 mortem
2078 1541 2350 1616 gustauit.
2390 1540 2730 1599 fructuosior
2760 1542 2925 1615 culpa
2956 1558 3119 1615 qnam
3157 1547 3303 1599 10458

1121 1633 1457 1694 innocentia.
1498 1634 1815 1693 innocentia
1855 1637 2203 1710 arrogantem
2234 1651 2325 1692 me
2356 1634 2580 1703 fecerat,
2615 1637 2777 1711 culpa
2811 1635 3123 1694 subiectum

1031 1727 1106 1783 22
1126 1727 1384 1786 reddidit.
1409 1729 1581 1787 habes
1606 1727 1781 1804 igitur
1805 1728 2007 1802 quibus
2031 1728 2168 1787 latio
2187 1728 2293 1786 tibi
2309 1728 2519 1803 profuit
2531 1729 2694 1805 legis.
2722 1729 2821 1787 sed
2837 1729 2976 1787 dicis
2993 1729 3126 1803 quis

1129 1837 1228 1896 per
1263 1823 1449 1898 legem
1490 1821 1966 1897 superabundauit
2003 1824 2313 1897 peccatum.
2357 1822 2458 1882 sed
2505 1822 2605 1880 ubi
2653 1822 3124 1897 superabundauit

1123 1918 1433 1990 peccatum,
1459 1916 1933 1991 superabundauit
1958 1918 2015 1974 et
2038 1917 2232 1991 gratia.
2266 1919 2522 1974 mortuus
2556 1933 2616 1974 es
2647 1918 2897 1990 peccato,
2930 1917 3123 1983 homo;

1126 2026 1258 2086 ergo
1288 2010 1377 2068 lex
1406 2009 1520 2068 iam
1552 2025 1659 2067 non
1693 2010 1868 2069 obest.
1903 2010 2148 2086 resurgis
2181 2027 2281 2083 per
2306 2011 2580 2086 gratiam3
2615 2027 2744 2087 ergo
2777 2012 2863 2069 lex
2894 2011 3122 2084 profuit,
3155 2031 3204 2069 ιε

1128 2103 1259 2176 qnia
1281 2103 1589 2178 adquisiuit
1612 2103 1864 2178 gratiam.
1893 2103 2159 2177 accepisti
2186 2103 2354 2161 etiam
2376 2103 2580 2178 pignus
2615 2102 2821 2163 Christi
2855 2104 3122 2175 caritatis,

1126 2197 1386 2269 quoniam
1421 2197 1516 2270 qui
1546 2213 1647 2271 pro
1681 2199 1737 2254 te
1769 2200 2024 2256 mortuus
2060 2199 2148 2254 est
2179 2196 2486 2256 adnocatns
2512 2200 2602 2256 est
2622 2198 2727 2255 tibi
2752 2200 2809 2255 et
2835 2199 3124 2275 sanguinis
3236 2208 3283 2259 Β

1129 2291 1221 2349 sui
1264 2292 1577 2349 mercedem
1623 2293 1873 2349 reseruat
1922 2293 1980 2348 et
2026 2290 2123 2365 qui
2170 2292 2518 2366 peccatorem
2557 2292 2942 2350 reconciliauit
2980 2296 3125 2366 patri

1126 2384 1519 2461 multomagis
1553 2383 1907 2444 commendat
1936 2384 2284 2444 innocentem
2319 2388 2377 2443 et
2415 2388 2607 2445 tuetur
2646 2385 2953 2457 subditum,
2996 2389 3128 2461 quia

1128 2477 1372 2538 adscinit
1406 2478 1707 2537 innoxium.
3161 2506 3212 2542 ιο

1036 2572 1113 2631 23
1205 2572 1369 2631 Tanti
1423 2572 1600 2648 igitur
1663 2572 1916 2633 beneficii
1982 2572 2201 2631 debitor
2262 2589 2369 2631 non
2434 2572 2691 2647 rependis
2757 2574 3133 2648 obsequium?

1129 2667 1390 2725 heredem
1430 2669 1488 2725 te
1525 2667 1680 2737 fecit,
1721 2667 2050 2727 coheredem
2090 2669 2149 2724 te
2187 2666 2342 2734 fecit,
2376 2667 2633 2724 heredem
2669 2667 2775 2740 dei,
2808 2668 3134 2727 coheredem

1135 2760 1373 2820 Christi:
1400 2761 1660 2835 spiritum
1684 2762 1791 2820 tibi
1816 2761 2129 2835 adoptionis
2152 2760 2377 2820 infudit.
2403 2777 2637 2819 numera
2657 2762 2796 2820 haec
2821 2764 2878 2820 et
2896 2763 3135 2839 adiunge

1137 2872 1246 2914 non
1286 2858 1404 2914 tam
1444 2855 1514 2914 ad
1555 2855 1732 2915 debiti
1770 2873 1971 2914 nexum
2012 2871 2176 2930 quam
2221 2855 2290 2913 ad
2321 2855 2564 2914 muneris
2597 2856 2811 2930 accepti
2844 2873 3136 2916 conserua·
3247 2867 3289 2920 c

1294 2994 1318 3042 1
1352 2993 1488 3043 Rom.
1522 2994 1567 3051 3,
1600 2994 1664 3043 20
1695 2992 1799 3045 Gal.
1833 2995 1880 3054 2,
1914 2995 1973 3044 16
2154 2994 2183 3043 3
2214 2994 2422 3059 Philipp.
2456 2995 2565 3051 343
2740 2994 2798 3044 13
2828 2995 2963 3044 Rom.
2996 2998 3043 3053 ὁ,
3075 2997 3138 3045 20

1130 3072 1192 3120 22
1222 3070 1359 3120 Rom.
1377 3071 1438 3129 ·8,
1474 3072 1533 3120 17

1195 3165 1225 3213 2
1257 3171 1386 3228 possi
1419 3180 1480 3215 a
1508 3173 1653 3229 posen
1683 3168 1733 3216 A
1809 3166 1840 3216 3
1872 3166 2113 3229 gloriabor
2141 3167 2191 3216 P
2223 3167 2262 3227 <1
2292 3183 2350 3216 ex
2380 3171 2421 3227 r)
2500 3169 2536 3216 4·
2563 3166 2800 3216 redemtus
2830 3169 2879 3216 A
2965 3170 2994 3219 5
3027 3184 3135 3232 pec-

1131 3243 1228 3292 cati
1267 3242 1369 3292 VN
1486 3245 1684 3293 remissa
1715 3247 1829 3293 sunt
1857 3250 2055 3308 peccata
2084 3245 2152 3295 ‚N'‘
2183 3250 2382 3309 peccata
2411 3249 2526 3295 sunt
2555 3247 2753 3294 remissa
2789 3246 2835 3294 T
2935 3248 2994 3296 12
3025 3262 3135 3311 pro-

1130 3321 1227 3371 fuit
1257 3322 1347 3370 tibi
1379 3321 1447 3370 N'
1525 3321 1585 3371 13
1615 3337 1759 3386 supra
1790 3322 2055 3373 abundauit
2086 3324 2173 3372 alt.
2207 3327 2254 3372 A
2290 3328 2431 3384 (corr.
2462 3328 2566 3385 ΜΒ)
2598 3324 2647 3371 Ρ
2716 3325 2775 3373 14
2808 3328 2879 3373 est
2910 3326 3059 3373 Am2
3080 3326 3135 3384 T,

1132 3425 1519 3474 eswemlP
1641 3425 2382 3489 chomoPHet(os.u.)T
2489 3387 3135 3489 151e¹⁶1isiriA<bsmae

1131 3504 1229 3552 iam
1257 3503 1334 3552 lex
1373 3504 1419 3552 T
1572 3505 1630 3554 16
1663 3505 1777 3567 quia
1807 3508 1855 3554 A
1891 3509 1946 3565 (8.
1979 3508 2063 3554 m2
2093 3505 2118 3553 1
2150 3505 2251 3567 qui)
2432 3504 2672 3568 adquisiui
2703 3507 2750 3553 A
2785 3509 2925 3564 (corr.
2956 3510 3058 3565 ΜΞ)
3092 3507 3145 3554 Ρ

1135 3580 1194 3630 18
1225 3595 1427 3630 mercem
1461 3582 1510 3630 A
1544 3586 1683 3642 (corr.
1716 3598 1777 3631 m.
1813 3587 1935 3643 ant„
1966 3583 2140 3632 deinde
2169 3586 2252 3632 m&
2279 3598 2318 3633 s.
2349 3583 2374 3630 1
2406 3581 2587 3642 cedem)
2621 3583 2690 3633 N'
2844 3586 3059 3633 recerunt
3089 3584 3135 3632 A

1135 3663 1190 3719 (s.
1222 3662 1306 3707 ΜΒ
1336 3659 1361 3706 1
1392 3660 1620 3720 seruauit)
1654 3661 1865 3709 seruauit
1902 3660 1947 3708 Τ
1972 3672 1975 3676 ·
2054 3661 2166 3722 quis
2196 3659 2245 3706 P
2340 3662 2397 3709 19
2431 3662 2511 3723 qni
2542 3657 2591 3711 A
2625 3664 2679 3721 (s.
2711 3664 2797 3709 ΜΒ
2824 3661 2849 3708 1
2881 3661 3010 3723 quis)
3042 3662 3145 3709 PT

1133 3736 1195 3786 20
1227 3736 1436 3785 adsciuit
1458 3740 1505 3785 A
1543 3741 1597 3797 (s.
1630 3739 1711 3786 2⁸2
1741 3737 1765 3785 1
1796 3738 1955 3798 soinit)
1981 3737 2081 3785 PT
2107 3737 2249 3786 sciuit
2279 3736 2365 3789 1⁷21
2397 3738 2491 3786 scit
2517 3737 2576 3787 21⁴
2611 3740 2708 3797 (¹⁸2
2738 3753 2797 3786 ex
2827 3737 2988 3798 sciuit)
3013 3739 3145 3788 8⁰13

1135 3816 1194 3865 21
1229 3814 1450 3877 rependis
1483 3815 1533 3863 A
1565 3816 1608 3873 (ξ
1639 3830 1668 3864 ο,
1697 3830 1735 3864 s.
1768 3816 1787 3863 i
1818 3818 1919 3874 ΜΒ)
1944 3816 1994 3863 Ρ
2020 3815 2251 3879 rependes
2284 3816 2329 3864 Τ
2357 3816 2453 3875 (is.
2477 3820 2525 3876 s)
2557 3816 2789 3880 rependes
2821 3822 2907 3865 cet.
2971 3817 3031 3865 22
3058 3832 3135 3865 co-

1134 3892 1355 3943 heredem
1388 3896 1438 3942 te
1470 3892 1588 3942 fecit
1615 3909 1655 3943 s.
1687 3908 1736 3941 u.
1768 3896 1848 3942 m?
1877 3893 1926 3941 A
2065 3892 2405 3945 coheredem..
2425 3932 2436 3943 .
2455 3893 2532 3944 dei
2564 3909 2654 3944 om.
2685 3894 2737 3943 P
2859 3894 3137 3944 coheredem

1135 3976 1294 4021 antem
1321 3959 1405 4034 Tp'i
1435 3973 1479 4024 U
1574 3973 1636 4020 24
1661 3973 2064 4021 conseruationem
2094 3971 2334 4022 Costa-ius
2365 3973 2771 4022 conuersationem
2796 3973 2914 4023 lion·
