4242 4694
1482 101 3205 650 —¹

1128 689 1242 745 220
1951 683 2295 733 Ambrosii

1126 858 1278 917 dies
1353 856 1923 917 inluminabitur.
1986 857 2079 916 hio
2140 859 2230 915 est
2288 856 2387 915 ille
2451 856 2569 915 dies
2631 873 2906 933 magnus,
2971 875 3124 932 quem

1123 952 1404 1010 Abrabam
1452 952 1600 1010 uidit
1645 955 1703 1010 et
1751 951 1981 1028 gauisus
2029 953 2134 1020 est,
2183 950 2253 1008 de
2302 967 2411 1024 quo
2462 953 2520 1008 et
2564 950 2758 1009 Dauid
2798 950 2983 1010 dixit:
3022 951 3126 1009 hie.

1124 1052 1240 1105 est
1281 1046 1453 1116 dies,
1496 1063 1696 1119 quem
1735 1046 1920 1103 feeit
1959 1046 2313 1112 dominus3
2356 1044 2761 1103 exultemus
2802 1049 2883 1104 et
2922 1046 3128 1104 laete-

1122 1158 1271 1198 mur
1310 1141 1375 1198 in
1419 1157 1513 1209 eo,
1556 1141 1648 1199 cui
1681 1158 1786 1198 non
1821 1140 2125 1198 ministerio
2157 1139 2382 1207 laborm,
2417 1139 2513 1197 sed
2546 1141 2733 1198 fructu
2769 1138 3126 1198 exultationis

1122 1235 1373 1294 interero.
3163 1253 3183 1292 s

1050 1333 1121 1389 15
1199 1328 1326 1402 Ipse
1367 1346 1497 1404 ergo
1531 1328 1785 1386 dominus
1820 1327 1964 1385 diem
2005 1327 2187 1396 ducet,
2230 1330 2288 1384 et
2326 1332 2453 1384 ante
2492 1326 2684 1385 mundi
2724 1327 3126 1385 cousummati-

1124 1439 1285 1480 onem
1309 1422 1503 1480 mundi
1532 1421 1814 1479 uidebitur
1843 1422 2050 1492 lumen,
2077 1421 2223 1495 quod
2255 1421 2553 1479 inluminat
2585 1438 2805 1479 omnem
2837 1420 3126 1480 hominem
3200 1423 3205 1470 ἶ

1124 1516 1439 1575 uenientem
1488 1516 1543 1573 in
1586 1517 1735 1573 hune
1772 1515 2056 1573 mundum.
2097 1516 2218 1588 ipse
2260 1517 2347 1573 est
2387 1514 2644 1573 dominus
2700 1515 2801 1588 qui
2841 1515 3045 1591 signat
3077 1518 3130 1573 et

1125 1614 1379 1668 numerat
1424 1610 1841 1668 multitudinem
1893 1608 2213 1667 stellarum:
2261 1609 2383 1683 ipse
2425 1611 2513 1667 est
2570 1608 2665 1683 qui
2706 1609 2932 1667 eaelum
2979 1609 3128 1668 solus

1125 1704 1389 1773 extendit,
1438 1704 1534 1777 qui
1582 1704 1893 1761 ambulauit
1938 1707 2224 1776 tamquam
2271 1702 2325 1760 in
2373 1702 2693 1776 pauimento
2743 1719 2924 1777 super
2963 1720 3126 1772 mare,
3150 1723 3185 1759 a

1125 1797 1344 1871 quando
1392 1798 1593 1855 Petrus
1650 1814 1777 1855 eum
1831 1796 1980 1854 uidit
2033 1796 2407 1854 ambulantem
2468 1799 2526 1853 et
2580 1795 2749 1855 dixit:
2827 1796 3127 1864 domine,

1124 1891 1288 1949 iube
1337 1908 1436 1949 me
1486 1891 1566 1948 ad
1616 1894 1686 1948 te
1726 1890 1971 1949 uenire
2011 1907 2223 1963 super
2263 1908 2493 1964 aquas.
2533 1893 2591 1948 et
2628 1890 2802 1949 iussit
2841 1890 3128 1960 dominus,

1124 1985 1224 2043 sed
1277 1985 1372 2043 ille
1426 1985 1699 2043 titubauit
1754 1987 1813 2043 et
1867 1985 1972 2043 nisi
2028 1985 2363 2058 porrexisset
2417 1986 2469 2043 ei
2517 1985 2796 2043 dexteram
2846 1985 3128 2052 dominus,

1125 2079 1411 2138 demersus
1451 2080 1716 2137 fluetibus
1758 2079 2070 2138 occidisset.
2108 2079 2376 2137 titubauit
2417 2096 2559 2147 caro,
2601 2078 2850 2137 saluauit
2887 2079 3129 2139 dextera.

1124 2177 1183 2232 et
1222 2174 1302 2232 ait
1340 2175 1458 2231 illi:
1504 2174 1823 2233 modicae
1860 2174 2058 2241 fidei,
2100 2190 2315 2246 quare
2357 2173 2757 2231 dubitasti?
2798 2172 2940 2231 fides
2997 2190 3126 2250 ergo
3154 2195 3191 2233 ιε

1124 2267 1434 2326 ambulauit
1481 2267 1536 2325 in
1586 2267 1856 2340 apostole,
1905 2283 2010 2324 non
2065 2283 2207 2325 caro.
2255 2265 2490 2340 denique
2537 2265 2676 2323 fides
2724 2265 3026 2336 titubauit‚
3075 2270 3131 2325 et

1123 2377 1250 2419 earo
1301 2364 1560 2435 coeperat
1599 2361 1804 2418 sentire
1843 2360 2212 2436 naufragium.
2255 2360 2402 2433 quod
2444 2376 2549 2417 non
2591 2360 2868 2433 inproprie
2907 2359 3128 2418 dietum

1124 2457 1228 2522 est,
1279 2455 1410 2528 quia
1466 2472 1588 2512 earo
1646 2454 1804 2512 nauis
1861 2456 1948 2512 est
2003 2454 2235 2528 animae,
2293 2452 2444 2512 sieut
2497 2453 2766 2527 scriptum
2822 2456 2945 2512 est:
3010 2455 3129 2528 qui

1124 2546 1572 2605 descendunt
1625 2565 1809 2606 mare
1863 2548 1932 2605 in
1989 2547 2290 2604 nauibus
2349 2549 2407 2605 et
2453 2547 2614 2604 alibi:
2677 2546 2782 2604 ibi
2830 2546 3130 2607 dolores

1124 2641 1321 2700 sieut
1358 2641 1860 2716 parturientis.
1901 2642 1968 2699 in
2013 2640 2283 2714 spiritu
2330 2642 2736 2699 uehementi
2787 2643 3202 2703 conteres„

1123 2752 1252 2793 nau
1269 2751 1339 2792 es
1372 2735 1685 2794 Tharais.
1718 2735 1930 2792 animae
1958 2735 2102 2792 enim
2128 2736 2348 2791 nostrae
2374 2751 2499 2791 cum
2531 2734 2758 2791 uerbum
2786 2735 3131 2808 parturiunt,

1125 2829 1298 2887 edunt
1337 2828 1587 2887 dolores:
1631 2846 1769 2901 quae
1812 2831 1997 2887 autem
2038 2829 2254 2903 peperit
2290 2829 2401 2885 iam
2434 2845 2540 2884 non
2573 2827 2828 2885 meminit
2856 2828 3133 2889 tristitiae

1123 2927 1346 2997 propter
1409 2923 1694 2999 gaudium,
1754 2923 1886 2996 quia
1948 2926 2110 2980 natus
2169 2925 2256 2979 est
2309 2921 2396 2978 illi
2453 2922 2637 2991 home,
2694 2921 2792 2994 qui
2845 2924 3131 2983 mundum

1125 3017 1372 3076 redemit.
1423 3035 1637 3075 naues
1688 3035 1856 3093 ergo
1911 3017 2218 3085 Thateis,
2267 3014 2326 3072 id
2379 3019 2466 3073 est
2511 3014 2928 3091 intellegibiles‚
2980 3035 3133 3092 quae

1279 3280 1307 3326 2
1339 3278 1441 3328 1011.
1476 3278 1520 3335 8,
1556 3279 1615 3327 56
1650 3277 1824 3326 Psalm.
1858 3277 2031 3326 CXVII
2057 3278 2117 3326 24
2181 3277 2208 3324 7
2242 3277 2344 3325 1011.
2375 3278 2415 3334 1,
2439 3277 2468 3325 9
2531 3277 2560 3325 9
2585 3277 2757 3325 Psalm.
2785 3275 3074 3326 cxxxxvl
3099 3281 3134 3327 4

1126 3359 1183 3406 10
1216 3357 1300 3405 Iob
1335 3360 1378 3412 9.
1412 3358 1441 3405 8
1474 3357 1646 3405 Matth.
1684 3357 1754 3412 14,
1790 3357 1849 3404 25
1949 3357 2001 3404 11
2038 3356 2211 3404 Matth.
2249 3356 2322 3411 14,
2355 3356 2535 3404 28—31
2637 3355 2694 3403 18
2726 3354 2900 3403 Psalm-
2927 3356 3038 3405 cvl
3065 3359 3134 3407 23

1126 3436 1183 3483 19
1214 3435 1388 3483 Psalm.
1422 3434 1685 3482 XXXXVII
1719 3435 1745 3481 7
1781 3449 1852 3496 sq.
2025 3435 2085 3482 22
2120 3433 2221 3481 loh.
2259 3435 2331 3491 16,
2365 3435 2421 3481 21

1190 3590 1211 3637 1
1248 3589 1350 3637 dies
1385 3589 1466 3637 ille
1499 3588 1547 3636 Β
1662 3594 1665 3598 ’
1718 3590 1747 3636 2
1779 3588 1926 3638 haec.
1946 3625 1956 3635 .
1977 3626 1986 3635 .
2007 3602 2177 3650 quam.
2198 3625 2207 3636 .
2229 3624 2239 3635 .
2259 3602 2317 3635 ea
2347 3587 2395 3634 Β
2549 3588 2578 3636 6
2612 3585 2755 3635 ducet
2784 3586 2834 3633 Β
2866 3586 3002 3635 ducit
3034 3594 3130 3637 eet.

1185 3669 1588 3716 consumationem
1619 3667 1717 3716 PB
1928 3667 1955 3714 7
1990 3665 2151 3714 mundi
2183 3679 2271 3714 om.
2304 3665 2419 3713 DP¹
2606 3666 2636 3713 9
2668 3667 2743 3713 est
2773 3652 2862 3713 dn}
2893 3666 2978 3727 qui
3009 3667 3135 3715 ΒΡ·

1125 3747 1184 3795 10
1217 3746 1478 3795 ambolauit
1500 3747 1548 3795 P
1571 3747 1619 3807 (v
1642 3760 1680 3795 e.
1707 3761 1735 3794 ο
1759 3748 1862 3804 ml)
1896 3744 2111 3793 ambulat
2134 3745 2247 3793 DP¹
2314 3745 2366 3792 11
2403 3742 2529 3792 uidit
2558 3757 2664 3791 eum
2688 3744 2803 3792 DP'
2877 3745 2933 3792 12
2957 3747 3135 3795 uenire

1122 3824 1184 3872 ad
1223 3828 1274 3873 te
1313 3824 1521 3873 BDP‘G
1678 3825 1733 3873 15
1775 3822 2008 3872 dubitasti
2048 3823 2160 3871 DP¹
2200 3821 2540 3871 dubitabitasti
2570 3822 2618 3869 Β
2655 3821 2880 3871 titubasti
2911 3822 3005 3870 PC
3035 3824 3126 3884 (ef.

1122 3904 1279 3964 Epist.
1313 3901 1616 3950 LXXVIII
1642 3903 1695 3963 8)
1775 3901 1831 3949 17
1866 3900 1992 3963 cepit
2023 3900 2071 3947 Β
2163 3900 2220 3947 19
2254 3898 2549 3947 descendunt
2571 3899 2620 3947 P
2652 3902 2695 3957 (e
2728 3914 2787 3947 ex
2817 3900 2852 3960 i)
2931 3900 2993 3947 20
3012 3916 3129 3949 con-

1119 3985 1279 4029 terens
1309 3980 1405 4028 PB
1528 3980 1665 4027 nauis
1696 3980 1746 4027 Ρ
1774 3993 1919 4027 naues
1952 3984 2035 4026 cet.
2129 3978 2190 4025 22
2223 3978 2471 4039 tristitiae]
2507 3992 2723 4040 pressure
2748 3978 2861 4027 DP‘
2954 3980 3017 4027 23
3051 3980 3130 4030 illi

1120 4058 1262 4107 homo
1304 4058 1415 4105 DP‘
1456 4058 1552 4105 illis
1592 4057 1733 4104 homo
1774 4055 1865 4104 PC
1901 4055 2040 4103 homo
2084 4055 2178 4102 illis
2221 4056 2268 4102 Β
2423 4057 2486 4103 24
2525 4055 2720 4104 redimit
2757 4056 2805 4104 P
2841 4060 2981 4115 (corr,
3017 4061 3123 4116 ²¹⁸2}

1182 4150 1296 4197 ergo
1328 4149 1418 4183 om.
1450 4134 1563 4182 DP‘
