4242 4694
1123 547 1239 603 244
1948 545 2294 593 Ambrosii

1032 716 1103 771 18
1123 717 1271 789 quod
1320 716 1456 773 deus
1504 716 1801 787 impiorum
1852 716 2063 772 scelera
2109 731 2215 772 non
2258 715 2491 773 uideret.
2533 715 2663 772 huic
2706 732 2842 791 ergo
2887 717 3124 791 opinioni

1123 811 1242 868 eius
1292 810 1580 883 respondit
1627 812 1852 865 sanctus
1903 809 2035 867 Iob:
2086 809 2202 866 noli
2252 826 2376 866 esse
2426 825 2656 867 securus
2706 825 2773 867 ac
2816 810 3124 869 dissolutus

1122 907 1414 963 aestimare
1456 904 1603 978 quod
1646 904 1712 961 ad
1753 907 1808 960 te
1849 904 1904 960 in
1945 904 2053 961 hoc
2092 903 2215 977 ipso
2258 904 2480 961 saeculo
2522 904 2733 961 domini
2766 904 2999 979 flagella
3028 923 3125 965 non

1121 1001 1367 1057 ueniant.
1434 1000 1647 1056 etiam
1712 998 2086 1071 impiorum
2151 998 2446 1055 lucerna
2509 998 2995 1073 extinguitur.
3064 1000 3125 1058 ad

1121 1097 1361 1167 tempus,
1392 1095 1561 1161 lucet,
1610 1110 1716 1150 non
1767 1093 1937 1149 habet
1983 1092 2171 1149 lumen
2222 1094 2525 1150 aeternum.
2575 1094 2635 1149 et
2680 1092 2824 1167 ipsis
2867 1095 3124 1167 quamuis
3160 1113 3180 1148 s

1124 1189 1409 1245 saeculum
1450 1187 1654 1253 faueat,
1695 1187 1826 1259 quia
1866 1185 1986 1244 eius
2030 1186 2125 1258 qui
2165 1185 2537 1260 principatum
2578 1186 2749 1244 habet
2788 1187 2848 1244 in
2906 1190 3124 1248 saeculo

1122 1283 1336 1340 faciunt
1381 1281 1747 1350 uoluntatem,
1799 1282 1944 1338 solet
1990 1281 2179 1338 uenire
2227 1298 2410 1338 rerum
2461 1281 2750 1338 conuersio
2804 1287 2862 1339 et
2914 1283 3125 1342 dolores

1126 1376 1192 1433 ab
1241 1376 1321 1432 ira
1371 1377 1429 1432 et
1473 1375 1851 1449 indignatione
1894 1375 2139 1444 caelesti,
2182 1379 2249 1431 ut
2287 1375 2632 1432 uentilentur
2671 1375 2827 1432 sicut
2863 1377 3063 1450 paleae
3098 1394 3126 1434 ι

1126 1473 1313 1528 uento,
1369 1470 1565 1526 iniusti
1622 1471 1770 1527 sicut
1823 1470 2016 1541 paleae
2065 1470 2424 1537 uentilantur,
2472 1469 2612 1525 iusti
2661 1469 2815 1530 sicut
2861 1470 3124 1528 triticum.

1125 1564 1359 1636 denique
1424 1562 1552 1619 audi
1619 1563 1893 1619 dicentem
1957 1563 2121 1619 Petro
2191 1561 2510 1619 dominum:
2585 1578 2746 1619 ecce
2824 1562 3044 1621 Satan
3059 1581 3124 1621 as
3148 1584 3184 1620 ιο

1124 1657 1483 1729 expetiuit
1508 1659 1584 1714 ut
1606 1673 1731 1714 uos
1759 1655 2077 1713 uentilet
2101 1655 2295 1713 sicut
2325 1655 2691 1724 triticum;
2725 1672 2857 1732 ego
2893 1662 3126 1716 a‘utem

1123 1751 1371 1825 rogaui
1410 1768 1530 1823 pro
1574 1752 1658 1814 te,
1702 1753 1946 1807 utnon
1990 1750 2295 1807 deficiat
2333 1750 2521 1806 fides
2564 1753 2702 1807 tua.
2739 1750 3126 1810 deficiuntilli

1125 1845 1220 1917 qui
1263 1846 1411 1902 sicut
1449 1845 1639 1918 paleae
1679 1845 2039 1912 mutilantur,
2082 1861 2189 1902 non
2231 1844 2419 1901 deficit
2458 1845 2553 1917 qui
2594 1844 2664 1901 ad
2697 1845 3128 1904 similitudinem

1122 1937 1277 1995 illius
1328 1939 1482 2013 grani
1533 1943 1635 2006 est,
1688 1938 1838 2012 quod
1887 1938 2088 1996 cecidit
2138 1942 2195 1995 et
2232 1940 2531 1996 resurrexit
2569 1938 2949 2010 plurimorum
2989 1941 3127 1998 fruc·

1122 2035 1283 2089 tuum
1332 2031 1648 2089 accessione
1697 2032 2062 2089 cumulatum.
2110 2032 2233 2089 ideo
2286 2032 2422 2089 dicit
2469 2032 2772 2105 propheta:
2823 2033 2962 2093 heu
3009 2052 3121 2102 me,
3148 2046 3184 2083 ¹⁵

1126 2125 1290 2199 quia
1342 2125 1582 2182 factus
1640 2142 1787 2182 sum
1845 2126 2037 2183 sicut
2102 2126 2219 2200 qui
2286 2126 2582 2201 colligit
2646 2127 3003 2200 stipulam
3059 2128 3123 2186 in

1123 2220 1383 2276 messe!
1414 2219 1654 2292 stipulae
1678 2220 1866 2294 igitur,
1896 2236 2037 2293 quae
2063 2220 2174 2278 cito
2202 2220 2463 2289 exuritur,
2488 2220 2728 2293 inpietas
2754 2224 3120 2294 comparatur,

1126 2315 1184 2370 et
1230 2312 1465 2385 pulueri.
1513 2312 1639 2371 ideo
1690 2316 1985 2387 postquam
2045 2313 2215 2372 dixit:
2272 2317 2479 2372 erunt
2534 2314 2732 2372 sicut
2787 2315 3040 2389 paleae
3091 2333 3119 2374 s

1124 2407 1357 2474 uento,
1424 2405 1707 2462 subtexuit
1770 2407 2110 2464 uersiculum
2178 2407 2370 2464 statim
2437 2406 2661 2465 dicens:
2734 2411 2861 2466 aut
2934 2409 3116 2469 sicut
3173 2420 3187 2467 ε

1125 2497 1391 2571 puluis,
1450 2516 1649 2572 quem
1707 2500 2019 2558 abstulit
2074 2504 2353 2557 uentuS.
2412 2500 2646 2573 denique
2704 2504 2769 2557 ut
2819 2516 3172 2577 cognoscam·

1126 2592 1257 2665 quia
1302 2592 1509 2667 impius
1560 2594 1709 2652 sicut
1756 2594 1945 2668 puluis
1995 2594 2105 2652 cito
2144 2595 2362 2652 fatiscit
2399 2598 2566 2669 atque
2606 2596 2915 2665 euanescit,
2957 2596 3114 2654 habes

1124 2685 1182 2741 in
1222 2686 1400 2759 primo
1439 2688 1656 2760 psalmo
1699 2687 1943 2745 dictum:
1986 2705 2115 2746 non
2159 2689 2263 2746 sic
2301 2688 2524 2763 impii,
2568 2705 2697 2746 non
2740 2690 2864 2747 sic.
2909 2690 2969 2748 id
3009 2691 3109 2748 est:

1125 2795 1233 2836 non
1281 2779 1433 2836 sicut
1478 2781 1635 2848 iusti,
1686 2781 1808 2838 sed
1862 2784 2219 2856 tamquam
2274 2783 2540 2856 puluis,
2599 2799 2802 2855 quem
2857 2782 3111 2858 proicit

1126 2876 1388 2931 uentus
1431 2893 1463 2931 a
1501 2875 1687 2931 facie
1727 2878 1976 2933 terrae.

1039 2969 1109 3026 19
1205 2968 1279 3024 Et
1324 2969 1459 3025 facit
1508 2968 1896 3027 discretionem
1944 2970 2089 3027 inter
2134 2970 2349 3027 iustum
2398 2972 2456 3027 et
2493 2970 2750 3044 impium.
2793 2970 2910 3028 hic
2948 2970 3163 3046 inquits

1127 3062 1431 3121 moritur
1477 3063 1549 3119 in
1600 3063 2114 3136 simplicitatis
2173 3082 2340 3122 suae
2397 3064 2740 3138 potentia,
2799 3068 3003 3124 totus
3052 3065 3109 3123 in

1129 3155 1566 3213 abundantia
1615 3160 1683 3213 et
1730 3157 1983 3231 gratia,
2035 3158 2387 3218 interiora
2436 3161 2664 3215 autem
2719 3159 2876 3217 eius
2916 3162 3110 3235 plena

1281 3324 1312 3373 4
1341 3322 1427 3371 Iob
1462 3324 1537 3381 21,
1574 3325 1631 3371 17
1743 3324 1770 3370 6
1804 3324 1906 3375 Ioh.
1945 3327 2015 3381 14,
2052 3326 2133 3382 30;
2171 3326 2243 3382 16,
2279 3327 2336 3373 11
2448 3327 2478 3375 8
2510 3326 2596 3373 Iob
2629 3327 2705 3382 21,
2743 3328 2802 3375 18
2926 3330 2985 3378 10
3012 3329 3111 3378 Luc.

1126 3401 1203 3458 22,
1270 3402 1293 3452 1
1328 3417 1400 3465 sq.
1513 3403 1572 3450 14
1603 3401 1717 3450 Luc.
1751 3401 1795 3458 8,
1830 3402 1859 3450 8
1974 3403 2030 3450 15
2062 3402 2205 3450 Mich.
2240 3404 2284 3458 7,
2321 3404 2343 3450 1
2462 3403 2519 3451 18
2552 3404 2637 3451 Iob
2670 3406 2748 3461 21,
2785 3406 2845 3454 18
2954 3406 3112 3458 1910b

1128 3480 1204 3537 21,
1240 3479 1301 3529 18
1394 3481 1456 3529 22
1487 3480 1662 3528 Psalm.
1694 3481 1719 3527 I
1749 3482 1779 3528 4
1875 3481 1935 3528 23
1967 3481 2140 3529 Psalm.
2174 3481 2200 3529 1
2230 3482 2261 3529 4
2357 3482 2418 3530 25
2449 3482 2535 3530 Iob
2569 3485 2645 3541 21,
2680 3484 2869 3532 23—25

1193 3604 1216 3652 1
1241 3602 1431 3652 uideret
1452 3604 1501 3651 Ρ
1524 3608 1568 3661 (e
1594 3605 1679 3651 alt.
1707 3619 1766 3651 ex
1789 3605 1825 3661 i)
1954 3605 2065 3653 huic
2089 3607 2138 3653 (u
2161 3621 2200 3654 s.
2226 3610 2296 3664 u.)
2313 3606 2362 3653 P
2453 3608 2482 3655 2
2507 3607 2764 3670 respondet
2786 3609 2835 3655 B
2930 3611 2961 3659 3
2986 3609 3119 3658 nesti·

1127 3696 1256 3740 mare
1278 3681 1332 3730 D
1358 3682 1558 3730 aestima
1582 3681 1641 3729 P‘
1764 3683 1869 3745 ipso
1897 3697 1984 3731 om.
2011 3684 2174 3732 DP¹G
2295 3685 2482 3733 saeculo
2506 3686 2555 3733 P
2577 3690 2624 3745 (o
2650 3699 2709 3735 a
2733 3689 2782 3746 u)
2879 3690 2913 3737 4
2944 3689 3123 3738 lucent

1127 3761 1376 3823 impiorum
1408 3760 1522 3809 DP¹
1633 3762 1663 3809 5
1694 3761 1819 3809 lume
1850 3762 1899 3809 P
2006 3765 2035 3811 6
2068 3761 2264 3811 faueant
2294 3763 2343 3811 B
2454 3765 2511 3812 10
2543 3764 2733 3814 domino
2766 3766 2862 3815 Po
2956 3769 3011 3817 11
3044 3782 3124 3817 uos

1127 3843 1183 3886 ut
1214 3838 1254 3887 C
1379 3840 1437 3888 15
1470 3839 1564 3887 heu
1596 3839 1645 3886 P
1676 3841 1726 3897 (h
1758 3854 1796 3888 s.
1830 3845 1900 3898 u.)
2034 3841 2090 3888 17
2126 3846 2382 3889 exuruntur
2410 3842 2460 3889 B
2585 3845 2641 3891 21
2679 3845 2805 3892 cito.
2828 3849 3124 3911 ..tamquam

1125 3917 1286 3978 puluis
1310 3932 1400 3965 om.
1425 3918 1473 3963 B
1599 3916 1793 3966 fatescit
1814 3917 1972 3966 PDP⁴
2052 3919 2113 3967 25
2148 3920 2454 3968 discretiones
2478 3921 2578 3969 ΒΡ
2669 3922 2730 3970 26
2756 3925 2999 3973 sententis
3020 3922 3125 3972 DP'

1126 3996 1186 4042 27
1221 3996 1322 4042 eius
1357 3999 1519 4044 autem
1552 3994 1604 4042 D
