<?xml version="1.0" encoding="UTF-8"?>
<!DOCTYPE html PUBLIC "-//W3C//DTD XHTML 1.0 Transitional//EN"
    "http://www.w3.org/TR/xhtml1/DTD/xhtml1-transitional.dtd">
<html xmlns="http://www.w3.org/1999/xhtml" xml:lang="en" lang="en">
 <head>
  <title>
</title>
<meta http-equiv="Content-Type" content="text/html;charset=utf-8" />
  <meta name='ocr-system' content='tesseract 3.04.00' />
  <meta name='ocr-capabilities' content='ocr_page ocr_carea ocr_par ocr_line ocrx_word'/>
</head>
<body>
  <div class='ocr_page' id='page_1' title='image "./sanctiambrosiio03petsgoog_0512.png"; bbox 0 0 4242 4694; ppageno 0'>
   <div class='ocr_carea' id='block_1_1' title="bbox 1126 508 2299 573">
    <p class='ocr_par' dir='ltr' id='par_1_1' title="bbox 1126 508 2299 573">
     <span class='ocr_line' id='line_1_1' title="bbox 1126 508 2299 573; baseline -0.012 0"><span class='ocrx_word' id='word_1_1' title='bbox 1126 508 1243 573; x_wconf 64' lang='grc'><strong>454</strong></span> <span class='ocrx_word' id='word_1_2' title='bbox 1955 512 2299 560; x_wconf 79' lang='lat' dir='ltr'>Ambrosii</span> 
     </span>
    </p>
   </div>
   <div class='ocr_carea' id='block_1_2' title="bbox 1021 684 3217 2646">
    <p class='ocr_par' dir='ltr' id='par_1_2' title="bbox 1047 684 3138 1044">
     <span class='ocr_line' id='line_1_2' title="bbox 1047 684 3133 760; baseline 0 -17"><span class='ocrx_word' id='word_1_3' title='bbox 1047 693 1119 749; x_wconf 84' lang='lat'><strong>71</strong></span> <span class='ocrx_word' id='word_1_4' title='bbox 1204 685 1484 758; x_wconf 72' lang='lat' dir='ltr'><strong>Propheta</strong></span> <span class='ocrx_word' id='word_1_5' title='bbox 1530 701 1751 760; x_wconf 88' lang='lat' dir='ltr'><strong>quoque</strong></span> <span class='ocrx_word' id='word_1_6' title='bbox 1799 685 1982 743; x_wconf 87' lang='lat' dir='ltr'><strong>Dauid</strong></span> <span class='ocrx_word' id='word_1_7' title='bbox 2033 685 2127 756; x_wconf 86' lang='lat' dir='ltr'><strong>ait,</strong></span> <span class='ocrx_word' id='word_1_8' title='bbox 2170 702 2297 743; x_wconf 87' lang='lat' dir='ltr'><strong>cum</strong></span> <span class='ocrx_word' id='word_1_9' title='bbox 2339 685 2426 743; x_wconf 81' lang='lat' dir='ltr'><strong>(lei</strong></span> <span class='ocrx_word' id='word_1_10' title='bbox 2469 685 2617 743; x_wconf 85' lang='lat' dir='ltr'><strong>circa</strong></span> <span class='ocrx_word' id='word_1_11' title='bbox 2655 684 2947 743; x_wconf 89' lang='lat' dir='ltr'><strong>hominem</strong></span> <span class='ocrx_word' id='word_1_12' title='bbox 2991 702 3133 744; x_wconf 83' lang='lat' dir='ltr'><strong>com·</strong></span> 
     </span>
     <span class='ocr_line' id='line_1_3' title="bbox 1126 780 3135 858; baseline -0.001 -19"><span class='ocrx_word' id='word_1_13' title='bbox 1126 783 1461 839; x_wconf 83' lang='lat' dir='ltr'><strong>memoraret</strong></span> <span class='ocrx_word' id='word_1_14' title='bbox 1522 780 1794 858; x_wconf 80' lang='lat' dir='ltr'><strong>gratiam:</strong></span> <span class='ocrx_word' id='word_1_15' title='bbox 1858 780 2085 839; x_wconf 83' lang='lat' dir='ltr'><strong>omnia</strong></span> <span class='ocrx_word' id='word_1_16' title='bbox 2156 780 2550 839; x_wconf 85' lang='lat' dir='ltr'><strong>subiecisti</strong></span> <span class='ocrx_word' id='word_1_17' title='bbox 2624 781 2750 838; x_wconf 84' lang='lat' dir='ltr'><strong>sub</strong></span> <span class='ocrx_word' id='word_1_18' title='bbox 2825 780 3135 855; x_wconf 87' lang='lat' dir='ltr'><strong>pedibus</strong></span> 
     </span>
     <span class='ocr_line' id='line_1_4' title="bbox 1128 875 3137 949; baseline 0 -16"><span class='ocrx_word' id='word_1_19' title='bbox 1128 875 1316 946; x_wconf 85' lang='lat' dir='ltr'><strong>eius,</strong></span> <span class='ocrx_word' id='word_1_20' title='bbox 1368 891 1538 934; x_wconf 89' lang='lat' dir='ltr'><strong>oues</strong></span> <span class='ocrx_word' id='word_1_21' title='bbox 1589 878 1660 932; x_wconf 92' lang='lat' dir='ltr'><strong>et</strong></span> <span class='ocrx_word' id='word_1_22' title='bbox 1704 875 1927 934; x_wconf 86' lang='lat' dir='ltr'><strong>boues</strong></span> <span class='ocrx_word' id='word_1_23' title='bbox 1968 875 2385 946; x_wconf 85' lang='lat' dir='ltr'><strong>uniuersas,</strong></span> <span class='ocrx_word' id='word_1_24' title='bbox 2425 875 2722 949; x_wconf 84' lang='lat' dir='ltr'><strong>insuper</strong></span> <span class='ocrx_word' id='word_1_25' title='bbox 2760 878 2835 933; x_wconf 92' lang='lat' dir='ltr'><strong>et</strong></span> <span class='ocrx_word' id='word_1_26' title='bbox 2872 892 3137 949; x_wconf 87' lang='lat' dir='ltr'><strong>pecora</strong></span> 
     </span>
     <span class='ocr_line' id='line_1_5' title="bbox 1127 968 3138 1044; baseline 0 -16"><span class='ocrx_word' id='word_1_27' title='bbox 1127 969 1386 1043; x_wconf 81' lang='lat' dir='ltr'><strong>campi,</strong></span> <span class='ocrx_word' id='word_1_28' title='bbox 1451 968 1790 1028; x_wconf 87' lang='lat' dir='ltr'><strong>uolucres</strong></span> <span class='ocrx_word' id='word_1_29' title='bbox 1848 969 2032 1028; x_wconf 82' lang='lat' dir='ltr'><strong>caeli</strong></span> <span class='ocrx_word' id='word_1_30' title='bbox 2088 971 2158 1029; x_wconf 91' lang='lat' dir='ltr'><strong>et</strong></span> <span class='ocrx_word' id='word_1_31' title='bbox 2209 970 2449 1044; x_wconf 85' lang='lat' dir='ltr'><strong>pisces</strong></span> <span class='ocrx_word' id='word_1_32' title='bbox 2504 969 2749 1038; x_wconf 84' lang='lat' dir='ltr'><strong>maris,</strong></span> <span class='ocrx_word' id='word_1_33' title='bbox 2812 970 2937 1043; x_wconf 89' lang='lat' dir='ltr'><strong>qui</strong></span> <span class='ocrx_word' id='word_1_34' title='bbox 2996 986 3138 1044; x_wconf 86' lang='lat' dir='ltr'><strong>per-</strong></span> 
     </span>
    </p>

    <p class='ocr_par' dir='ltr' id='par_1_3' title="bbox 1021 1062 3205 1139">
     <span class='ocr_line' id='line_1_6' title="bbox 1021 1062 3205 1139; baseline -0.003 -16"><span class='ocrx_word' id='word_1_35' title='bbox 1021 1114 1030 1123; x_wconf 94' lang='lat'><em>.</em></span> <span class='ocrx_word' id='word_1_36' title='bbox 1123 1062 1495 1122; x_wconf 87' lang='lat' dir='ltr'><strong>ambulant</strong></span> <span class='ocrx_word' id='word_1_37' title='bbox 1533 1063 1832 1123; x_wconf 85' lang='lat' dir='ltr'><strong>semitas</strong></span> <span class='ocrx_word' id='word_1_38' title='bbox 1864 1064 2106 1123; x_wconf 83' lang='lat' dir='ltr'><strong>maris.</strong></span> <span class='ocrx_word' id='word_1_39' title='bbox 2145 1064 2398 1139; x_wconf 84' lang='lat' dir='ltr'><strong>piscibus</strong></span> <span class='ocrx_word' id='word_1_40' title='bbox 2439 1063 2610 1133; x_wconf 79' lang='lat' dir='ltr'><strong>dedit,</strong></span> <span class='ocrx_word' id='word_1_41' title='bbox 2649 1080 2758 1122; x_wconf 89' lang='lat' dir='ltr'><strong>non</strong></span> <span class='ocrx_word' id='word_1_42' title='bbox 2808 1064 3140 1123; x_wconf 84' lang='lat' dir='ltr'><strong>hominibus</strong></span> <span class='ocrx_word' id='word_1_43' title='bbox 3188 1082 3205 1117; x_wconf 67' lang='grc' dir='ltr'><em>ε</em></span> 
     </span>
    </p>

    <p class='ocr_par' dir='ltr' id='par_1_4' title="bbox 1126 1157 3141 1232">
     <span class='ocr_line' id='line_1_7' title="bbox 1126 1157 3141 1232; baseline 0 -17"><span class='ocrx_word' id='word_1_44' title='bbox 1126 1157 1507 1232; x_wconf 80' lang='lat' dir='ltr'><strong>perambulare</strong></span> <span class='ocrx_word' id='word_1_45' title='bbox 1553 1159 1722 1217; x_wconf 88' lang='lat' dir='ltr'><strong>maris</strong></span> <span class='ocrx_word' id='word_1_46' title='bbox 1771 1159 2050 1218; x_wconf 78' lang='lat' dir='ltr'><strong>semitam.</strong></span> <span class='ocrx_word' id='word_1_47' title='bbox 2099 1158 2170 1217; x_wconf 86' lang='lat' dir='ltr'><strong>ad</strong></span> <span class='ocrx_word' id='word_1_48' title='bbox 2218 1176 2404 1218; x_wconf 88' lang='lat' dir='ltr'><strong>escam</strong></span> <span class='ocrx_word' id='word_1_49' title='bbox 2455 1159 2558 1217; x_wconf 91' lang='lat' dir='ltr'><strong>tibi</strong></span> <span class='ocrx_word' id='word_1_50' title='bbox 2598 1176 2746 1217; x_wconf 87' lang='lat' dir='ltr'><strong>mare</strong></span> <span class='ocrx_word' id='word_1_51' title='bbox 2773 1158 2995 1218; x_wconf 85' lang='lat' dir='ltr'><strong>datum</strong></span> <span class='ocrx_word' id='word_1_52' title='bbox 3036 1163 3141 1223; x_wconf 81' lang='lat' dir='ltr'><strong>est,</strong></span> 
     </span>
    </p>

    <p class='ocr_par' dir='ltr' id='par_1_5' title="bbox 1123 1252 3202 1986">
     <span class='ocr_line' id='line_1_8' title="bbox 1129 1252 3140 1327; baseline 0 -18"><span class='ocrx_word' id='word_1_53' title='bbox 1129 1268 1239 1310; x_wconf 85' lang='lat' dir='ltr'><strong>non</strong></span> <span class='ocrx_word' id='word_1_54' title='bbox 1295 1252 1365 1310; x_wconf 80' lang='lat' dir='ltr'><strong>ad</strong></span> <span class='ocrx_word' id='word_1_55' title='bbox 1417 1253 1763 1327; x_wconf 84' lang='lat' dir='ltr'><strong>periculum:</strong></span> <span class='ocrx_word' id='word_1_56' title='bbox 1822 1253 1968 1322; x_wconf 82' lang='lat' dir='ltr'><strong>cibo,</strong></span> <span class='ocrx_word' id='word_1_57' title='bbox 2025 1269 2130 1311; x_wconf 90' lang='lat' dir='ltr'><strong>non</strong></span> <span class='ocrx_word' id='word_1_58' title='bbox 2180 1252 2250 1311; x_wconf 83' lang='lat' dir='ltr'><strong>ad</strong></span> <span class='ocrx_word' id='word_1_59' title='bbox 2297 1256 2602 1311; x_wconf 87' lang='lat' dir='ltr'><strong>mercatum</strong></span> <span class='ocrx_word' id='word_1_60' title='bbox 2651 1257 2828 1310; x_wconf 89' lang='lat' dir='ltr'><strong>utere.</strong></span> <span class='ocrx_word' id='word_1_61' title='bbox 2880 1270 2990 1311; x_wconf 85' lang='lat' dir='ltr'><strong>cur</strong></span> <span class='ocrx_word' id='word_1_62' title='bbox 3037 1253 3140 1312; x_wconf 90' lang='lat' dir='ltr'><strong>tibi</strong></span> 
     </span>
     <span class='ocr_line' id='line_1_9' title="bbox 1123 1345 3142 1421; baseline 0 -17"><span class='ocrx_word' id='word_1_63' title='bbox 1123 1345 1438 1418; x_wconf 81' lang='lat' dir='ltr'><strong>pericnlum</strong></span> <span class='ocrx_word' id='word_1_64' title='bbox 1494 1362 1726 1421; x_wconf 83' lang='lat' dir='ltr'><strong>generas</strong></span> <span class='ocrx_word' id='word_1_65' title='bbox 1782 1346 1850 1404; x_wconf 87' lang='lat' dir='ltr'><strong>de</strong></span> <span class='ocrx_word' id='word_1_66' title='bbox 1906 1347 2244 1420; x_wconf 79' lang='lat' dir='ltr'><strong>uoluptate?</strong></span> <span class='ocrx_word' id='word_1_67' title='bbox 2301 1364 2400 1404; x_wconf 88' lang='lat' dir='ltr'><strong>cur</strong></span> <span class='ocrx_word' id='word_1_68' title='bbox 2454 1346 2805 1421; x_wconf 78' lang='lat' dir='ltr'><strong>separatioris</strong></span> <span class='ocrx_word' id='word_1_69' title='bbox 2871 1347 3142 1406; x_wconf 86' lang='lat' dir='ltr'><strong>elementi</strong></span> 
     </span>
     <span class='ocr_line' id='line_1_10' title="bbox 1128 1439 3143 1515; baseline 0 -17"><span class='ocrx_word' id='word_1_70' title='bbox 1128 1440 1401 1515; x_wconf 82' lang='lat' dir='ltr'><strong>profunda</strong></span> <span class='ocrx_word' id='word_1_71' title='bbox 1444 1439 1708 1499; x_wconf 78' lang='lat' dir='ltr'><strong>rimaris?</strong></span> <span class='ocrx_word' id='word_1_72' title='bbox 1756 1458 1857 1500; x_wconf 83' lang='lat' dir='ltr'><strong>our</strong></span> <span class='ocrx_word' id='word_1_73' title='bbox 1899 1441 2175 1514; x_wconf 85' lang='lat' dir='ltr'><strong>inquietas</strong></span> <span class='ocrx_word' id='word_1_74' title='bbox 2223 1440 2417 1498; x_wconf 89' lang='lat' dir='ltr'><strong>mundi</strong></span> <span class='ocrx_word' id='word_1_75' title='bbox 2465 1441 2662 1498; x_wconf 85' lang='lat' dir='ltr'><strong>altiora</strong></span> <span class='ocrx_word' id='word_1_76' title='bbox 2718 1443 2987 1500; x_wconf 76' lang='lat' dir='ltr'><strong>secreta?</strong></span> <span class='ocrx_word' id='word_1_77' title='bbox 3045 1459 3143 1501; x_wconf 81' lang='lat' dir='ltr'><strong>our</strong></span> 
     </span>
     <span class='ocr_line' id='line_1_11' title="bbox 1124 1535 3202 1611; baseline -0.001 -18"><span class='ocrx_word' id='word_1_78' title='bbox 1124 1538 1410 1609; x_wconf 82' lang='lat' dir='ltr'><strong>postremo</strong></span> <span class='ocrx_word' id='word_1_79' title='bbox 1452 1536 1677 1611; x_wconf 82' lang='lat' dir='ltr'><strong>saepius</strong></span> <span class='ocrx_word' id='word_1_80' title='bbox 1718 1536 1935 1594; x_wconf 84' lang='lat' dir='ltr'><strong>sulcare</strong></span> <span class='ocrx_word' id='word_1_81' title='bbox 1969 1538 2134 1610; x_wconf 84' lang='lat' dir='ltr'><strong>atque</strong></span> <span class='ocrx_word' id='word_1_82' title='bbox 2167 1552 2384 1593; x_wconf 79' lang='lat' dir='ltr'><strong>exarare</strong></span> <span class='ocrx_word' id='word_1_83' title='bbox 2415 1535 2621 1593; x_wconf 87' lang='lat' dir='ltr'><strong>fluctus</strong></span> <span class='ocrx_word' id='word_1_84' title='bbox 2653 1536 2938 1609; x_wconf 85' lang='lat' dir='ltr'><strong>inpatiens</strong></span> <span class='ocrx_word' id='word_1_85' title='bbox 2973 1540 3142 1595; x_wconf 78' lang='lat' dir='ltr'><strong>nauta</strong></span> <span class='ocrx_word' id='word_1_86' title='bbox 3165 1557 3202 1592; x_wconf 83' lang='grc' dir='ltr'><strong>ιο</strong></span> 
     </span>
     <span class='ocr_line' id='line_1_12' title="bbox 1131 1628 3141 1704; baseline 0 -16"><span class='ocrx_word' id='word_1_87' title='bbox 1131 1628 1464 1689; x_wconf 78' lang='lat' dir='ltr'><strong>contendis?</strong></span> <span class='ocrx_word' id='word_1_88' title='bbox 1522 1646 1621 1688; x_wconf 83' lang='lat' dir='ltr'><strong>cur</strong></span> <span class='ocrx_word' id='word_1_89' title='bbox 1674 1632 1915 1704; x_wconf 78' lang='lat' dir='ltr'><strong>temptas</strong></span> <span class='ocrx_word' id='word_1_90' title='bbox 1971 1630 2289 1704; x_wconf 82' lang='lat' dir='ltr'><strong>frequenter</strong></span> <span class='ocrx_word' id='word_1_91' title='bbox 2342 1630 2561 1688; x_wconf 85' lang='lat' dir='ltr'><strong>innoxia</strong></span> <span class='ocrx_word' id='word_1_92' title='bbox 2616 1646 2872 1703; x_wconf 83' lang='lat' dir='ltr'><strong>aequora,</strong></span> <span class='ocrx_word' id='word_1_93' title='bbox 2941 1631 3141 1689; x_wconf 80' lang='lat' dir='ltr'><strong>inritas</strong></span> 
     </span>
     <span class='ocr_line' id='line_1_13' title="bbox 1129 1723 3141 1799; baseline 0 -17"><span class='ocrx_word' id='word_1_94' title='bbox 1129 1723 1403 1799; x_wconf 84' lang='lat' dir='ltr'><strong>proeellas</strong></span> <span class='ocrx_word' id='word_1_95' title='bbox 1421 1727 1450 1782; x_wconf 69' lang='grc' dir='ltr'>Ρ</span> <span class='ocrx_word' id='word_1_96' title='bbox 1498 1741 1533 1783; x_wconf 90' lang='lat' dir='ltr'><strong>o</strong></span> <span class='ocrx_word' id='word_1_97' title='bbox 1578 1724 1927 1799; x_wconf 86' lang='lat' dir='ltr'><strong>inexplebilis</strong></span> <span class='ocrx_word' id='word_1_98' title='bbox 1976 1724 2210 1786; x_wconf 82' lang='lat' dir='ltr'><strong>auaritia</strong></span> <span class='ocrx_word' id='word_1_99' title='bbox 2257 1727 2658 1783; x_wconf 83' lang='lat' dir='ltr'><strong>mercatorum!</strong></span> <span class='ocrx_word' id='word_1_100' title='bbox 2710 1724 2866 1781; x_wconf 82' lang='lat' dir='ltr'><strong>cedit</strong></span> <span class='ocrx_word' id='word_1_101' title='bbox 2917 1725 3029 1783; x_wconf 87' lang='lat' dir='ltr'><strong>tibi</strong></span> <span class='ocrx_word' id='word_1_102' title='bbox 3085 1729 3141 1783; x_wconf 88' lang='lat' dir='ltr'><strong>et</strong></span> 
     </span>
     <span class='ocr_line' id='line_1_14' title="bbox 1131 1817 3133 1893; baseline 0 -18"><span class='ocrx_word' id='word_1_103' title='bbox 1131 1834 1282 1876; x_wconf 89' lang='lat' dir='ltr'><strong>mare</strong></span> <span class='ocrx_word' id='word_1_104' title='bbox 1338 1821 1397 1876; x_wconf 92' lang='lat' dir='ltr'><strong>et</strong></span> <span class='ocrx_word' id='word_1_105' title='bbox 1448 1817 1890 1892; x_wconf 84' lang='lat' dir='ltr'><strong>inquietudinem</strong></span> <span class='ocrx_word' id='word_1_106' title='bbox 1946 1821 2102 1876; x_wconf 87' lang='lat' dir='ltr'><strong>tuam</strong></span> <span class='ocrx_word' id='word_1_107' title='bbox 2158 1819 2393 1893; x_wconf 86' lang='lat' dir='ltr'><strong>pelagus</strong></span> <span class='ocrx_word' id='word_1_108' title='bbox 2441 1835 2546 1875; x_wconf 90' lang='lat' dir='ltr'><strong>non</strong></span> <span class='ocrx_word' id='word_1_109' title='bbox 2596 1821 2786 1892; x_wconf 86' lang='lat' dir='ltr'><strong>potest</strong></span> <span class='ocrx_word' id='word_1_110' title='bbox 2833 1820 3133 1878; x_wconf 85' lang='lat' dir='ltr'><strong>sustinere.</strong></span> 
     </span>
     <span class='ocr_line' id='line_1_15' title="bbox 1130 1912 3137 1986; baseline -0 -15"><span class='ocrx_word' id='word_1_111' title='bbox 1130 1912 1369 1986; x_wconf 84' lang='lat' dir='ltr'><strong>denique</strong></span> <span class='ocrx_word' id='word_1_112' title='bbox 1422 1913 1631 1972; x_wconf 86' lang='lat' dir='ltr'><strong>totiens</strong></span> <span class='ocrx_word' id='word_1_113' title='bbox 1687 1912 2098 1971; x_wconf 82' lang='lat' dir='ltr'><strong>recurrentibus</strong></span> <span class='ocrx_word' id='word_1_114' title='bbox 2151 1913 2553 1971; x_wconf 85' lang='lat' dir='ltr'><strong>mercatoribus</strong></span> <span class='ocrx_word' id='word_1_115' title='bbox 2610 1915 2924 1971; x_wconf 88' lang='lat' dir='ltr'><strong>exaratum:</strong></span> <span class='ocrx_word' id='word_1_116' title='bbox 2999 1929 3137 1972; x_wconf 87' lang='lat' dir='ltr'><strong>ern-</strong></span> 
     </span>
    </p>

    <p class='ocr_par' dir='ltr' id='par_1_6' title="bbox 1131 2006 3193 2082">
     <span class='ocr_line' id='line_1_16' title="bbox 1131 2006 3193 2082; baseline -0.002 -17"><span class='ocrx_word' id='word_1_117' title='bbox 1131 2007 1365 2076; x_wconf 82' lang='lat' dir='ltr'><strong>besoe,</strong></span> <span class='ocrx_word' id='word_1_118' title='bbox 1407 2006 1641 2076; x_wconf 84' lang='lat' dir='ltr'><strong>Sidon,</strong></span> <span class='ocrx_word' id='word_1_119' title='bbox 1685 2007 1869 2065; x_wconf 82' lang='lat' dir='ltr'><strong>dixit</strong></span> <span class='ocrx_word' id='word_1_120' title='bbox 1906 2024 2108 2065; x_wconf 81' lang='lat' dir='ltr'><strong>mare.</strong></span> <span class='ocrx_word' id='word_1_121' title='bbox 2150 2010 2433 2080; x_wconf 83' lang='lat' dir='ltr'><strong>tamquam</strong></span> <span class='ocrx_word' id='word_1_122' title='bbox 2473 2007 2696 2082; x_wconf 81' lang='lat' dir='ltr'><strong>fatigati</strong></span> <span class='ocrx_word' id='word_1_123' title='bbox 2728 2007 3000 2065; x_wconf 85' lang='lat' dir='ltr'><strong>elementi</strong></span> <span class='ocrx_word' id='word_1_124' title='bbox 3031 2023 3132 2065; x_wconf 83' lang='lat' dir='ltr'><strong>uox</strong></span> <span class='ocrx_word' id='word_1_125' title='bbox 3159 2025 3193 2061; x_wconf 73' lang='lat' dir='ltr'><strong>u</strong></span> 
     </span>
    </p>

    <p class='ocr_par' dir='ltr' id='par_1_7' title="bbox 1129 2100 3129 2168">
     <span class='ocr_line' id='line_1_17' title="bbox 1129 2100 3129 2168; baseline 0.001 -10"><span class='ocrx_word' id='word_1_126' title='bbox 1129 2103 1242 2159; x_wconf 85' lang='lat' dir='ltr'><strong>ista</strong></span> <span class='ocrx_word' id='word_1_127' title='bbox 1289 2101 1526 2160; x_wconf 88' lang='lat' dir='ltr'><strong>dicentis</strong></span> <span class='ocrx_word' id='word_1_128' title='bbox 1576 2104 1686 2160; x_wconf 82' lang='lat' dir='ltr'><strong>est:</strong></span> <span class='ocrx_word' id='word_1_129' title='bbox 1739 2101 2098 2166; x_wconf 80' lang='lat' dir='ltr'><strong>erubesce,</strong></span> <span class='ocrx_word' id='word_1_130' title='bbox 2151 2100 2386 2168; x_wconf 79' lang='lat' dir='ltr'><strong>Sidon,</strong></span> <span class='ocrx_word' id='word_1_131' title='bbox 2437 2101 2541 2159; x_wconf 89' lang='lat' dir='ltr'><strong>hoc</strong></span> <span class='ocrx_word' id='word_1_132' title='bbox 2584 2104 2672 2158; x_wconf 87' lang='lat' dir='ltr'><strong>est</strong></span> <span class='ocrx_word' id='word_1_133' title='bbox 2706 2101 2882 2159; x_wconf 83' lang='lat' dir='ltr'><strong>‘meos</strong></span> <span class='ocrx_word' id='word_1_134' title='bbox 2928 2102 3129 2161; x_wconf 83' lang='lat' dir='ltr'><strong>fluctus</strong></span> 
     </span>
    </p>

    <p class='ocr_par' dir='ltr' id='par_1_8' title="bbox 1131 2195 3217 2271">
     <span class='ocr_line' id='line_1_18' title="bbox 1131 2195 3217 2271; baseline 0 -18"><span class='ocrx_word' id='word_1_135' title='bbox 1131 2196 1443 2271; x_wconf 75' lang='lat' dir='ltr'><strong>negotiator</strong></span> <span class='ocrx_word' id='word_1_136' title='bbox 1483 2197 1689 2271; x_wconf 69' lang='lat' dir='ltr'><strong>iii-gnie,</strong></span> <span class='ocrx_word' id='word_1_137' title='bbox 1731 2213 1860 2254; x_wconf 85' lang='lat' dir='ltr'><strong>cum</strong></span> <span class='ocrx_word' id='word_1_138' title='bbox 1914 2196 1992 2254; x_wconf 89' lang='lat' dir='ltr'><strong>sis</strong></span> <span class='ocrx_word' id='word_1_139' title='bbox 2041 2197 2161 2269; x_wconf 88' lang='lat' dir='ltr'><strong>ipse</strong></span> <span class='ocrx_word' id='word_1_140' title='bbox 2201 2196 2465 2254; x_wconf 85' lang='lat' dir='ltr'><strong>fluctibus</strong></span> <span class='ocrx_word' id='word_1_141' title='bbox 2505 2195 2822 2269; x_wconf 86' lang='lat' dir='ltr'><strong>inquietior.</strong></span> <span class='ocrx_word' id='word_1_142' title='bbox 2864 2196 3127 2255; x_wconf 78' lang='lat' dir='ltr'><strong>erubeseo</strong></span> <span class='ocrx_word' id='word_1_143' title='bbox 3203 2203 3217 2253; x_wconf 86' lang='lat'>1</span> 
     </span>
    </p>

    <p class='ocr_par' dir='ltr' id='par_1_9' title="bbox 1131 2289 3127 2365">
     <span class='ocr_line' id='line_1_19' title="bbox 1131 2289 3127 2365; baseline 0 -16"><span class='ocrx_word' id='word_1_144' title='bbox 1131 2292 1226 2349; x_wconf 88' lang='lat' dir='ltr'><strong>nel</strong></span> <span class='ocrx_word' id='word_1_145' title='bbox 1279 2289 1510 2365; x_wconf 87' lang='lat' dir='ltr'><strong>pudore,</strong></span> <span class='ocrx_word' id='word_1_146' title='bbox 1575 2290 1835 2364; x_wconf 87' lang='lat' dir='ltr'><strong>quoniam</strong></span> <span class='ocrx_word' id='word_1_147' title='bbox 1898 2289 2145 2364; x_wconf 82' lang='lat' dir='ltr'><strong>periculo</strong></span> <span class='ocrx_word' id='word_1_148' title='bbox 2209 2308 2316 2349; x_wconf 91' lang='lat' dir='ltr'><strong>non</strong></span> <span class='ocrx_word' id='word_1_149' title='bbox 2379 2291 2641 2348; x_wconf 89' lang='lat' dir='ltr'><strong>moueris.</strong></span> <span class='ocrx_word' id='word_1_150' title='bbox 2705 2291 3127 2349; x_wconf 80' lang='lat' dir='ltr'><strong>uerecundiores</strong></span> 
     </span>
    </p>

    <p class='ocr_par' dir='ltr' id='par_1_10' title="bbox 1127 2381 3164 2646">
     <span class='ocr_line' id='line_1_20' title="bbox 1131 2381 3126 2458; baseline 0 -15"><span class='ocrx_word' id='word_1_151' title='bbox 1131 2385 1288 2444; x_wconf 89' lang='lat' dir='ltr'><strong>uenti</strong></span> <span class='ocrx_word' id='word_1_152' title='bbox 1344 2387 1477 2443; x_wconf 87' lang='lat' dir='ltr'><strong>sunt</strong></span> <span class='ocrx_word' id='word_1_153' title='bbox 1532 2401 1699 2458; x_wconf 84' lang='lat' dir='ltr'><strong>quam</strong></span> <span class='ocrx_word' id='word_1_154' title='bbox 1754 2386 1974 2441; x_wconf 86' lang='lat' dir='ltr'><strong>uestrae</strong></span> <span class='ocrx_word' id='word_1_155' title='bbox 2032 2382 2386 2455; x_wconf 78' lang='lat' dir='ltr'><strong>cupiditates,</strong></span> <span class='ocrx_word' id='word_1_156' title='bbox 2443 2383 2530 2440; x_wconf 85' lang='lat' dir='ltr'><strong>illi</strong></span> <span class='ocrx_word' id='word_1_157' title='bbox 2584 2381 2791 2440; x_wconf 85' lang='lat' dir='ltr'><strong>habent</strong></span> <span class='ocrx_word' id='word_1_158' title='bbox 2842 2384 2964 2441; x_wconf 87' lang='lat' dir='ltr'><strong>otia</strong></span> <span class='ocrx_word' id='word_1_159' title='bbox 3015 2399 3126 2455; x_wconf 77' lang='lat' dir='ltr'><strong>sua,</strong></span> 
     </span>
     <span class='ocr_line' id='line_1_21' title="bbox 1131 2475 3164 2552; baseline -0.003 -15"><span class='ocrx_word' id='word_1_160' title='bbox 1131 2496 1436 2552; x_wconf 86' lang='lat' dir='ltr'><strong>numquam</strong></span> <span class='ocrx_word' id='word_1_161' title='bbox 1489 2480 1676 2535; x_wconf 84' lang='lat' dir='ltr'><strong>uestra</strong></span> <span class='ocrx_word' id='word_1_162' title='bbox 1728 2475 2027 2550; x_wconf 85' lang='lat' dir='ltr'><strong>quaerendi</strong></span> <span class='ocrx_word' id='word_1_163' title='bbox 2081 2476 2268 2534; x_wconf 86' lang='lat' dir='ltr'><strong>studia</strong></span> <span class='ocrx_word' id='word_1_164' title='bbox 2319 2476 2600 2533; x_wconf 82' lang='lat' dir='ltr'><strong>feriantur.</strong></span> <span class='ocrx_word' id='word_1_165' title='bbox 2657 2479 2721 2533; x_wconf 76' lang='lat' dir='ltr'><strong>et</strong></span> <span class='ocrx_word' id='word_1_166' title='bbox 2771 2493 2899 2532; x_wconf 85' lang='lat' dir='ltr'><strong>cum</strong></span> <span class='ocrx_word' id='word_1_167' title='bbox 2956 2478 3164 2535; x_wconf 72' lang='lat' dir='ltr'><strong>otiosa·</strong></span> 
     </span>
     <span class='ocr_line' id='line_1_22' title="bbox 1127 2571 3127 2646; baseline -0.003 -14"><span class='ocrx_word' id='word_1_168' title='bbox 1127 2576 1438 2646; x_wconf 80' lang='lat' dir='ltr'><strong>tempestas</strong></span> <span class='ocrx_word' id='word_1_169' title='bbox 1482 2576 1586 2642; x_wconf 82' lang='lat' dir='ltr'><strong>est,</strong></span> <span class='ocrx_word' id='word_1_170' title='bbox 1628 2589 1928 2644; x_wconf 84' lang='lat' dir='ltr'><strong>numquam</strong></span> <span class='ocrx_word' id='word_1_171' title='bbox 1972 2575 2161 2629; x_wconf 86' lang='lat' dir='ltr'><strong>uestra</strong></span> <span class='ocrx_word' id='word_1_172' title='bbox 2201 2571 2384 2629; x_wconf 85' lang='lat' dir='ltr'><strong>otiosa</strong></span> <span class='ocrx_word' id='word_1_173' title='bbox 2422 2571 2649 2646; x_wconf 86' lang='lat' dir='ltr'><strong>nauigia</strong></span> <span class='ocrx_word' id='word_1_174' title='bbox 2688 2573 2837 2628; x_wconf 87' lang='lat' dir='ltr'><strong>eunt.</strong></span> <span class='ocrx_word' id='word_1_175' title='bbox 2878 2575 3127 2628; x_wconf 75' lang='lat' dir='ltr'><strong>uersatur</strong></span> 
     </span>
    </p>
   </div>
   <div class='ocr_carea' id='block_1_3' title="bbox 1288 2770 2320 2827">
    <p class='ocr_par' dir='ltr' id='par_1_11' title="bbox 1288 2770 2320 2827">
     <span class='ocr_line' id='line_1_23' title="bbox 1288 2770 2320 2827; baseline -0.002 -6"><span class='ocrx_word' id='word_1_176' title='bbox 1288 2774 1319 2821; x_wconf 77' lang='lat'><em>2</em></span> <span class='ocrx_word' id='word_1_177' title='bbox 1348 2772 1526 2824; x_wconf 80' lang='lat' dir='ltr'><strong>Psalm.</strong></span> <span class='ocrx_word' id='word_1_178' title='bbox 1557 2771 1676 2819; x_wconf 82' lang='lat' dir='ltr'><strong>vm</strong></span> <span class='ocrx_word' id='word_1_179' title='bbox 1710 2771 1833 2820; x_wconf 83' lang='lat'><strong>7-9</strong></span> <span class='ocrx_word' id='word_1_180' title='bbox 1930 2772 1988 2819; x_wconf 83' lang='lat'><strong>14</strong></span> <span class='ocrx_word' id='word_1_181' title='bbox 2021 2770 2145 2819; x_wconf 78' lang='lat' dir='ltr'><strong>Esai.</strong></span> <span class='ocrx_word' id='word_1_182' title='bbox 2180 2771 2255 2827; x_wconf 80' lang='lat'><strong>23,</strong></span> <span class='ocrx_word' id='word_1_183' title='bbox 2289 2771 2320 2819; x_wconf 80' lang='lat'>4</span> 
     </span>
    </p>
   </div>
   <div class='ocr_carea' id='block_1_4' title="bbox 1130 2877 3151 4041">
    <p class='ocr_par' dir='ltr' id='par_1_12' title="bbox 1130 2877 3135 3102">
     <span class='ocr_line' id='line_1_24' title="bbox 1200 2877 3126 2946; baseline -0.002 -15"><span class='ocrx_word' id='word_1_184' title='bbox 1200 2883 1222 2931; x_wconf 92' lang='lat'>1</span> <span class='ocrx_word' id='word_1_185' title='bbox 1258 2881 1446 2946; x_wconf 75' lang='lat' dir='ltr'><strong>profeta</strong></span> <span class='ocrx_word' id='word_1_186' title='bbox 1476 2881 1524 2929; x_wconf 79' lang='grc' dir='ltr'><em>Ρ</em></span> <span class='ocrx_word' id='word_1_187' title='bbox 1677 2880 1837 2929; x_wconf 82' lang='lat' dir='ltr'><strong>Dauid</strong></span> <span class='ocrx_word' id='word_1_188' title='bbox 1869 2894 1957 2929; x_wconf 84' lang='lat' dir='ltr'><strong>om.</strong></span> <span class='ocrx_word' id='word_1_189' title='bbox 1995 2878 2041 2929; x_wconf 88' lang='lat' dir='ltr'><strong><em>G</em></strong></span> <span class='ocrx_word' id='word_1_190' title='bbox 2198 2882 2484 2930; x_wconf 78' lang='lat' dir='ltr'><strong>comemoret</strong></span> <span class='ocrx_word' id='word_1_191' title='bbox 2515 2880 2577 2929; x_wconf 99' lang='lat' dir='ltr'><strong><em>H</em></strong></span> <span class='ocrx_word' id='word_1_192' title='bbox 2727 2880 2756 2927; x_wconf 85' lang='lat'>2</span> <span class='ocrx_word' id='word_1_193' title='bbox 2792 2878 3000 2927; x_wconf 80' lang='lat' dir='ltr'><strong>subiecit</strong></span> <span class='ocrx_word' id='word_1_194' title='bbox 3034 2877 3126 2929; x_wconf 82' lang='lat' dir='ltr'><strong>GH</strong></span> 
     </span>
     <span class='ocr_line' id='line_1_25' title="bbox 1130 2954 3128 3020; baseline -0.003 -10"><span class='ocrx_word' id='word_1_195' title='bbox 1130 2961 1164 3010; x_wconf 77' lang='lat'><strong>3</strong></span> <span class='ocrx_word' id='word_1_196' title='bbox 1196 2961 1419 3010; x_wconf 80' lang='lat' dir='ltr'><strong>uniuersa</strong></span> <span class='ocrx_word' id='word_1_197' title='bbox 1440 2958 1595 3009; x_wconf 86' lang='lat' dir='ltr'><strong>PGH</strong></span> <span class='ocrx_word' id='word_1_198' title='bbox 1619 2958 1790 3020; x_wconf 80' lang='grc' dir='ltr'>(πάσας</span> <span class='ocrx_word' id='word_1_199' title='bbox 1815 2963 1904 3007; x_wconf 74' lang='lat' dir='ltr'><strong>aut</strong></span> <span class='ocrx_word' id='word_1_200' title='bbox 1929 2956 2110 3013; x_wconf 75' lang='grc' dir='ltr'>ἁπάσας</span> <span class='ocrx_word' id='word_1_201' title='bbox 2136 2956 2243 3006; x_wconf 77' lang='lat' dir='ltr'><strong>AS²</strong></span> <span class='ocrx_word' id='word_1_202' title='bbox 2265 2954 2437 3017; x_wconf 85' lang='lat' dir='ltr'><em>LXX)</em></span> <span class='ocrx_word' id='word_1_203' title='bbox 2531 2958 2564 3006; x_wconf 83' lang='lat'>4</span> <span class='ocrx_word' id='word_1_204' title='bbox 2595 2957 2809 3014; x_wconf 82' lang='lat' dir='ltr'><strong>noloeres</strong></span> <span class='ocrx_word' id='word_1_205' title='bbox 2836 2961 2884 3014; x_wconf 84' lang='lat' dir='ltr'><strong>(v</strong></span> <span class='ocrx_word' id='word_1_206' title='bbox 2908 2972 2947 3005; x_wconf 77' lang='grc' dir='ltr'><strong>ε.</strong></span> <span class='ocrx_word' id='word_1_207' title='bbox 2977 2973 3003 3004; x_wconf 90' lang='lat' dir='ltr'><strong>o</strong></span> <span class='ocrx_word' id='word_1_208' title='bbox 3028 2957 3128 3013; x_wconf 72' lang='lat' dir='ltr'><strong>alt.)</strong></span> 
     </span>
     <span class='ocr_line' id='line_1_26' title="bbox 1134 3036 3135 3102; baseline -0 -15"><span class='ocrx_word' id='word_1_209' title='bbox 1134 3040 1182 3087; x_wconf 92' lang='lat' dir='ltr'><em>P</em></span> <span class='ocrx_word' id='word_1_210' title='bbox 1306 3040 1337 3089; x_wconf 87' lang='grc'>6</span> <span class='ocrx_word' id='word_1_211' title='bbox 1367 3038 1690 3102; x_wconf 81' lang='lat' dir='ltr'><strong>perambulare</strong></span> <span class='ocrx_word' id='word_1_212' title='bbox 1723 3038 1770 3086; x_wconf 91' lang='lat' dir='ltr'><em>P</em></span> <span class='ocrx_word' id='word_1_213' title='bbox 1910 3037 2104 3085; x_wconf 80' lang='lat' dir='ltr'><strong>semitas</strong></span> <span class='ocrx_word' id='word_1_214' title='bbox 2134 3036 2265 3091; x_wconf 79' lang='lat' dir='ltr'><strong><em>DP‘.</em></strong></span> <span class='ocrx_word' id='word_1_215' title='bbox 2297 3041 2420 3084; x_wconf 73' lang='lat' dir='ltr'><strong>recte</strong></span> <span class='ocrx_word' id='word_1_216' title='bbox 2441 3042 2587 3097; x_wconf 67' lang='lat' dir='ltr'><strong>parm</strong></span> <span class='ocrx_word' id='word_1_217' title='bbox 2624 3036 2819 3084; x_wconf 82' lang='lat' dir='ltr'><strong>semitae</strong></span> <span class='ocrx_word' id='word_1_218' title='bbox 2852 3038 3000 3085; x_wconf 83' lang='lat' dir='ltr'><strong>maris</strong></span> <span class='ocrx_word' id='word_1_219' title='bbox 3035 3036 3135 3086; x_wconf 82' lang='lat' dir='ltr'><strong>GH</strong></span> 
     </span>
    </p>

    <p class='ocr_par' dir='ltr' id='par_1_13' title="bbox 1132 3114 3151 3872">
     <span class='ocr_line' id='line_1_27' title="bbox 1195 3114 3133 3173; baseline -0.003 -6"><span class='ocrx_word' id='word_1_220' title='bbox 1195 3134 1324 3167; x_wconf 84' lang='lat' dir='ltr'><strong>mare</strong></span> <span class='ocrx_word' id='word_1_221' title='bbox 1357 3119 1522 3166; x_wconf 83' lang='lat' dir='ltr'><strong>datum</strong></span> <span class='ocrx_word' id='word_1_222' title='bbox 1560 3116 1667 3165; x_wconf 86' lang='lat' dir='ltr'><strong>GH</strong></span> <span class='ocrx_word' id='word_1_223' title='bbox 1692 3115 1969 3164; x_wconf 81' lang='lat' dir='ltr'><strong>mandatum</strong></span> <span class='ocrx_word' id='word_1_224' title='bbox 2000 3120 2084 3164; x_wconf 74' lang='lat' dir='ltr'><strong>cet.</strong></span> <span class='ocrx_word' id='word_1_225' title='bbox 2181 3115 2209 3162; x_wconf 81' lang='lat'><strong>7</strong></span> <span class='ocrx_word' id='word_1_226' title='bbox 2242 3114 2347 3162; x_wconf 83' lang='lat' dir='ltr'><strong>cibo</strong></span> <span class='ocrx_word' id='word_1_227' title='bbox 2374 3115 2421 3171; x_wconf 81' lang='grc' dir='ltr'><strong>(ο</strong></span> <span class='ocrx_word' id='word_1_228' title='bbox 2447 3129 2505 3163; x_wconf 64' lang='grc' dir='ltr'><strong>αι</strong></span> <span class='ocrx_word' id='word_1_229' title='bbox 2526 3117 2576 3173; x_wconf 90' lang='lat' dir='ltr'><strong>u)</strong></span> <span class='ocrx_word' id='word_1_230' title='bbox 2601 3114 2661 3162; x_wconf 87' lang='lat' dir='ltr'><strong><em>H</em></strong></span> <span class='ocrx_word' id='word_1_231' title='bbox 2781 3114 2841 3162; x_wconf 81' lang='lat' dir='ltr'><strong>atl</strong></span> <span class='ocrx_word' id='word_1_232' title='bbox 2873 3120 3133 3165; x_wconf 81' lang='lat' dir='ltr'><strong>mereatum</strong></span> 
     </span>
     <span class='ocr_line' id='line_1_28' title="bbox 1135 3190 3137 3256; baseline -0.002 -12"><span class='ocrx_word' id='word_1_233' title='bbox 1135 3196 1296 3244; x_wconf 80' lang='lat' dir='ltr'><strong><em>PDP‘</em></strong></span> <span class='ocrx_word' id='word_1_234' title='bbox 1326 3198 1539 3245; x_wconf 84' lang='lat' dir='ltr'><strong>mercatu</strong></span> <span class='ocrx_word' id='word_1_235' title='bbox 1571 3196 1616 3244; x_wconf 98' lang='lat' dir='ltr'><strong><em>G</em></strong></span> <span class='ocrx_word' id='word_1_236' title='bbox 1647 3197 1854 3241; x_wconf 82' lang='lat' dir='ltr'><strong>mercato</strong></span> <span class='ocrx_word' id='word_1_237' title='bbox 1886 3190 2009 3241; x_wconf 84' lang='lat' dir='ltr'><strong>HH¹</strong></span> <span class='ocrx_word' id='word_1_238' title='bbox 2168 3195 2352 3240; x_wconf 86' lang='lat' dir='ltr'><strong>uterere</strong></span> <span class='ocrx_word' id='word_1_239' title='bbox 2386 3193 2432 3239; x_wconf 98' lang='lat' dir='ltr'><strong>P</strong></span> <span class='ocrx_word' id='word_1_240' title='bbox 2571 3192 2601 3240; x_wconf 90' lang='lat'>8</span> <span class='ocrx_word' id='word_1_241' title='bbox 2633 3192 3007 3254; x_wconf 79' lang='lat' dir='ltr'><strong>separatioribus</strong></span> <span class='ocrx_word' id='word_1_242' title='bbox 3037 3193 3137 3256; x_wconf 66' lang='lat'>(12⁸2</span> 
     </span>
     <span class='ocr_line' id='line_1_29' title="bbox 1133 3270 3135 3335; baseline -0.001 -13"><span class='ocrx_word' id='word_1_243' title='bbox 1133 3274 1274 3334; x_wconf 88' lang='lat' dir='ltr'><strong>-oris)</strong></span> <span class='ocrx_word' id='word_1_244' title='bbox 1308 3272 1368 3321; x_wconf 88' lang='lat' dir='ltr'><strong><em>H</em></strong></span> <span class='ocrx_word' id='word_1_245' title='bbox 1394 3271 1773 3335; x_wconf 82' lang='lat' dir='ltr'><strong>separationibus</strong></span> <span class='ocrx_word' id='word_1_246' title='bbox 1810 3271 1854 3320; x_wconf 90' lang='lat' dir='ltr'><strong><em>G</em></strong></span> <span class='ocrx_word' id='word_1_247' title='bbox 1982 3271 2227 3320; x_wconf 82' lang='lat' dir='ltr'><strong>elementis</strong></span> <span class='ocrx_word' id='word_1_248' title='bbox 2254 3271 2298 3317; x_wconf 90' lang='lat' dir='ltr'><strong><em>P</em></strong></span> <span class='ocrx_word' id='word_1_249' title='bbox 2319 3273 2364 3327; x_wconf 92' lang='lat' dir='ltr'><strong>(e</strong></span> <span class='ocrx_word' id='word_1_250' title='bbox 2399 3271 2483 3319; x_wconf 79' lang='lat' dir='ltr'><strong>alt.</strong></span> <span class='ocrx_word' id='word_1_251' title='bbox 2520 3285 2577 3318; x_wconf 67' lang='lat' dir='ltr'><strong>w:</strong></span> <span class='ocrx_word' id='word_1_252' title='bbox 2609 3272 2623 3318; x_wconf 89' lang='lat' dir='ltr'><strong>i</strong></span> <span class='ocrx_word' id='word_1_253' title='bbox 2656 3273 2758 3328; x_wconf 62' lang='grc' dir='ltr'><strong>ΜΒ)</strong></span> <span class='ocrx_word' id='word_1_254' title='bbox 2790 3270 2895 3319; x_wconf 88' lang='lat' dir='ltr'><strong>GH</strong></span> <span class='ocrx_word' id='word_1_255' title='bbox 2984 3272 3018 3320; x_wconf 80' lang='lat'>9</span> <span class='ocrx_word' id='word_1_256' title='bbox 3048 3272 3135 3320; x_wconf 84' lang='lat' dir='ltr'><strong>ini-</strong></span> 
     </span>
     <span class='ocr_line' id='line_1_30' title="bbox 1132 3337 3139 3415; baseline -0.001 -14"><span class='ocrx_word' id='word_1_257' title='bbox 1132 3354 1297 3415; x_wconf 68' lang='lat' dir='ltr'><strong>quitas</strong></span> <span class='ocrx_word' id='word_1_258' title='bbox 1332 3352 1378 3400; x_wconf 75' lang='lat' dir='ltr'><strong>o</strong></span> <span class='ocrx_word' id='word_1_259' title='bbox 1409 3357 1453 3400; x_wconf 72' lang='lat' dir='ltr'><strong>et</strong></span> <span class='ocrx_word' id='word_1_260' title='bbox 1489 3352 1628 3410; x_wconf 78' lang='lat' dir='ltr'><strong>(corr.</strong></span> <span class='ocrx_word' id='word_1_261' title='bbox 1663 3353 1763 3410; x_wconf 78' lang='lat' dir='ltr'><strong>m2)</strong></span> <span class='ocrx_word' id='word_1_262' title='bbox 1795 3351 1855 3400; x_wconf 83' lang='lat' dir='ltr'><strong><em>H</em></strong></span> <span class='ocrx_word' id='word_1_263' title='bbox 1947 3350 2001 3399; x_wconf 88' lang='lat'><strong>11</strong></span> <span class='ocrx_word' id='word_1_264' title='bbox 2036 3351 2297 3412; x_wconf 74' lang='lat' dir='ltr'><strong>tempestas</strong></span> <span class='ocrx_word' id='word_1_265' title='bbox 2334 3348 2504 3397; x_wconf 79' lang='lat' dir='ltr'><strong>GHH‘</strong></span> <span class='ocrx_word' id='word_1_266' title='bbox 2628 3350 2679 3396; x_wconf 86' lang='lat' dir='ltr'><strong>in</strong></span> <span class='ocrx_word' id='word_1_267' title='bbox 2709 3337 2877 3397; x_wconf 72' lang='grc' dir='ltr'><strong>ιιίῖΗ</strong></span> <span class='ocrx_word' id='word_1_268' title='bbox 2977 3350 3038 3398; x_wconf 83' lang='lat'><strong>12</strong></span> <span class='ocrx_word' id='word_1_269' title='bbox 3064 3350 3139 3399; x_wconf 74' lang='lat' dir='ltr'><strong>in-</strong></span> 
     </span>
     <span class='ocr_line' id='line_1_31' title="bbox 1132 3426 3143 3493; baseline -0 -14"><span class='ocrx_word' id='word_1_270' title='bbox 1132 3430 1385 3493; x_wconf 82' lang='lat' dir='ltr'><strong>explebilis</strong></span> <span class='ocrx_word' id='word_1_271' title='bbox 1419 3435 1466 3491; x_wconf 90' lang='lat' dir='ltr'><strong>(e</strong></span> <span class='ocrx_word' id='word_1_272' title='bbox 1499 3430 1585 3478; x_wconf 72' lang='lat' dir='ltr'><strong>alt.</strong></span> <span class='ocrx_word' id='word_1_273' title='bbox 1617 3430 1673 3476; x_wconf 77' lang='lat' dir='ltr'><strong>in</strong></span> <span class='ocrx_word' id='word_1_274' title='bbox 1702 3443 1801 3477; x_wconf 78' lang='lat' dir='ltr'><strong>ras.</strong></span> <span class='ocrx_word' id='word_1_275' title='bbox 1834 3431 1931 3488; x_wconf 79' lang='lat' dir='ltr'><strong>m2,</strong></span> <span class='ocrx_word' id='word_1_276' title='bbox 1962 3429 1994 3476; x_wconf 94' lang='lat' dir='ltr'>b</span> <span class='ocrx_word' id='word_1_277' title='bbox 2028 3441 2086 3477; x_wconf 62' lang='lat' dir='ltr'><strong>a·</strong></span> <span class='ocrx_word' id='word_1_278' title='bbox 2116 3433 2167 3488; x_wconf 89' lang='lat' dir='ltr'><strong>u)</strong></span> <span class='ocrx_word' id='word_1_279' title='bbox 2202 3428 2249 3474; x_wconf 94' lang='lat' dir='ltr'><em>P</em></span> <span class='ocrx_word' id='word_1_280' title='bbox 2279 3427 2567 3489; x_wconf 84' lang='lat' dir='ltr'><strong>inexplibilis</strong></span> <span class='ocrx_word' id='word_1_281' title='bbox 2599 3427 2659 3475; x_wconf 88' lang='lat' dir='ltr'><em>H</em></span> <span class='ocrx_word' id='word_1_282' title='bbox 2822 3426 2936 3475; x_wconf 87' lang='lat' dir='ltr'><strong>cede</strong></span> <span class='ocrx_word' id='word_1_283' title='bbox 2969 3431 3029 3477; x_wconf 86' lang='lat' dir='ltr'><strong>tu</strong></span> <span class='ocrx_word' id='word_1_284' title='bbox 3059 3428 3143 3479; x_wconf 87' lang='lat' dir='ltr'><strong>ubi</strong></span> 
     </span>
     <span class='ocr_line' id='line_1_32' title="bbox 1133 3505 3145 3569; baseline -0.001 -12"><span class='ocrx_word' id='word_1_285' title='bbox 1133 3512 1189 3557; x_wconf 80' lang='lat' dir='ltr'><strong>et</strong></span> <span class='ocrx_word' id='word_1_286' title='bbox 1225 3509 1331 3558; x_wconf 89' lang='lat' dir='ltr'><strong>GH</strong></span> <span class='ocrx_word' id='word_1_287' title='bbox 1443 3509 1500 3558; x_wconf 85' lang='lat'><strong>13</strong></span> <span class='ocrx_word' id='word_1_288' title='bbox 1533 3508 1734 3569; x_wconf 79' lang='lat' dir='ltr'><strong>pelagus</strong></span> <span class='ocrx_word' id='word_1_289' title='bbox 1768 3505 2145 3569; x_wconf 79' lang='lat' dir='ltr'><strong>inquietudinem</strong></span> <span class='ocrx_word' id='word_1_290' title='bbox 2175 3509 2307 3553; x_wconf 86' lang='lat' dir='ltr'><strong>tuam</strong></span> <span class='ocrx_word' id='word_1_291' title='bbox 2346 3505 2449 3554; x_wconf 88' lang='lat' dir='ltr'><strong>GH</strong></span> <span class='ocrx_word' id='word_1_292' title='bbox 2595 3505 2978 3567; x_wconf 86' lang='lat' dir='ltr'><strong>inquietudinem</strong></span> <span class='ocrx_word' id='word_1_293' title='bbox 3015 3510 3056 3566; x_wconf 89' lang='lat' dir='ltr'><strong>(t</strong></span> <span class='ocrx_word' id='word_1_294' title='bbox 3086 3520 3145 3555; x_wconf 61' lang='lat' dir='ltr'><strong><em>a</em></strong></span> 
     </span>
     <span class='ocr_line' id='line_1_33' title="bbox 1141 3583 3149 3648; baseline -0 -13"><span class='ocrx_word' id='word_1_295' title='bbox 1141 3589 1189 3646; x_wconf 90' lang='lat' dir='ltr'><strong>d)</strong></span> <span class='ocrx_word' id='word_1_296' title='bbox 1225 3588 1272 3634; x_wconf 94' lang='lat' dir='ltr'><strong><em>P</em></strong></span> <span class='ocrx_word' id='word_1_297' title='bbox 1457 3602 1548 3635; x_wconf 84' lang='lat' dir='ltr'><strong>nnn</strong></span> <span class='ocrx_word' id='word_1_298' title='bbox 1583 3589 1744 3648; x_wconf 81' lang='lat' dir='ltr'><strong>potest</strong></span> <span class='ocrx_word' id='word_1_299' title='bbox 1776 3587 2009 3635; x_wconf 78' lang='lat' dir='ltr'><strong>sustinere</strong></span> <span class='ocrx_word' id='word_1_300' title='bbox 2045 3584 2162 3635; x_wconf 79' lang='lat' dir='ltr'><strong>GH‘</strong></span> <span class='ocrx_word' id='word_1_301' title='bbox 2194 3590 2239 3632; x_wconf 78' lang='lat' dir='ltr'><strong>et</strong></span> <span class='ocrx_word' id='word_1_302' title='bbox 2270 3586 2353 3646; x_wconf 85' lang='lat' dir='ltr'><strong>(sti</strong></span> <span class='ocrx_word' id='word_1_303' title='bbox 2387 3599 2446 3633; x_wconf 73' lang='lat' dir='ltr'><strong>ex</strong></span> <span class='ocrx_word' id='word_1_304' title='bbox 2474 3585 2550 3632; x_wconf 87' lang='lat' dir='ltr'><strong>bti</strong></span> <span class='ocrx_word' id='word_1_305' title='bbox 2579 3588 2680 3644; x_wconf 81' lang='lat' dir='ltr'><strong>m2)</strong></span> <span class='ocrx_word' id='word_1_306' title='bbox 2715 3583 2774 3631; x_wconf 91' lang='lat' dir='ltr'><strong><em>H</em></strong></span> <span class='ocrx_word' id='word_1_307' title='bbox 2802 3599 2897 3631; x_wconf 89' lang='lat' dir='ltr'><strong>non</strong></span> <span class='ocrx_word' id='word_1_308' title='bbox 2927 3590 3071 3646; x_wconf 82' lang='lat' dir='ltr'><strong>potes</strong></span> <span class='ocrx_word' id='word_1_309' title='bbox 3103 3587 3149 3634; x_wconf 88' lang='lat' dir='ltr'><strong>P</strong></span> 
     </span>
     <span class='ocr_line' id='line_1_34' title="bbox 1138 3662 3143 3728; baseline -0.001 -13"><span class='ocrx_word' id='word_1_310' title='bbox 1138 3668 1261 3715; x_wconf 85' lang='lat' dir='ltr'><strong>ferre</strong></span> <span class='ocrx_word' id='word_1_311' title='bbox 1292 3682 1387 3714; x_wconf 87' lang='lat' dir='ltr'><strong>non</strong></span> <span class='ocrx_word' id='word_1_312' title='bbox 1419 3670 1580 3728; x_wconf 81' lang='lat' dir='ltr'><strong>potest</strong></span> <span class='ocrx_word' id='word_1_313' title='bbox 1601 3666 1716 3715; x_wconf 74' lang='lat' dir='ltr'><strong>DP‘</strong></span> <span class='ocrx_word' id='word_1_314' title='bbox 1815 3666 1872 3713; x_wconf 83' lang='lat'><strong>14</strong></span> <span class='ocrx_word' id='word_1_315' title='bbox 1905 3664 2108 3726; x_wconf 86' lang='lat' dir='ltr'><strong>denique</strong></span> <span class='ocrx_word' id='word_1_316' title='bbox 2139 3665 2317 3712; x_wconf 86' lang='lat' dir='ltr'><strong>totiens</strong></span> <span class='ocrx_word' id='word_1_317' title='bbox 2342 3678 2430 3712; x_wconf 89' lang='lat' dir='ltr'><strong>om.</strong></span> <span class='ocrx_word' id='word_1_318' title='bbox 2457 3662 2617 3711; x_wconf 89' lang='lat' dir='ltr'><strong><em>PDP¹</em></strong></span> <span class='ocrx_word' id='word_1_319' title='bbox 2729 3662 2953 3710; x_wconf 82' lang='lat' dir='ltr'><strong>erubesce</strong></span> <span class='ocrx_word' id='word_1_320' title='bbox 2983 3669 3031 3722; x_wconf 90' lang='lat' dir='ltr'><strong>(e</strong></span> <span class='ocrx_word' id='word_1_321' title='bbox 3056 3664 3143 3713; x_wconf 74' lang='lat' dir='ltr'><strong>alt.</strong></span> 
     </span>
     <span class='ocr_line' id='line_1_35' title="bbox 1135 3741 3143 3807; baseline -0.001 -13"><span class='ocrx_word' id='word_1_322' title='bbox 1135 3761 1197 3794; x_wconf 74' lang='lat' dir='ltr'><strong>ex</strong></span> <span class='ocrx_word' id='word_1_323' title='bbox 1229 3746 1246 3792; x_wconf 90' lang='lat' dir='ltr'><strong>i</strong></span> <span class='ocrx_word' id='word_1_324' title='bbox 1276 3748 1378 3807; x_wconf 74' lang='lat' dir='ltr'><strong>m2)</strong></span> <span class='ocrx_word' id='word_1_325' title='bbox 1404 3747 1450 3792; x_wconf 88' lang='lat' dir='ltr'><strong><em>P</em></strong></span> <span class='ocrx_word' id='word_1_326' title='bbox 1547 3747 1603 3794; x_wconf 87' lang='lat'><strong>16</strong></span> <span class='ocrx_word' id='word_1_327' title='bbox 1637 3745 1838 3793; x_wconf 84' lang='lat' dir='ltr'><strong>dicentis</strong></span> <span class='ocrx_word' id='word_1_328' title='bbox 1874 3744 1933 3805; x_wconf 81' lang='lat' dir='ltr'><strong>(is</strong></span> <span class='ocrx_word' id='word_1_329' title='bbox 1967 3758 2026 3792; x_wconf 65' lang='lat' dir='ltr'><strong>ev</strong></span> <span class='ocrx_word' id='word_1_330' title='bbox 2057 3745 2126 3806; x_wconf 85' lang='lat' dir='ltr'><strong>es)</strong></span> <span class='ocrx_word' id='word_1_331' title='bbox 2150 3744 2197 3790; x_wconf 93' lang='lat' dir='ltr'><strong><em>P</em></strong></span> <span class='ocrx_word' id='word_1_332' title='bbox 2294 3745 2350 3791; x_wconf 83' lang='lat'><strong>16</strong></span> <span class='ocrx_word' id='word_1_333' title='bbox 2383 3748 2427 3790; x_wconf 78' lang='lat' dir='ltr'><strong>et</strong></span> <span class='ocrx_word' id='word_1_334' title='bbox 2462 3743 2518 3790; x_wconf 84' lang='lat'><strong>17</strong></span> <span class='ocrx_word' id='word_1_335' title='bbox 2554 3741 2767 3790; x_wconf 84' lang='lat' dir='ltr'><strong>erubisce</strong></span> <span class='ocrx_word' id='word_1_336' title='bbox 2792 3741 2839 3788; x_wconf 89' lang='lat' dir='ltr'><strong><em>P</em></strong></span> <span class='ocrx_word' id='word_1_337' title='bbox 2937 3741 3143 3791; x_wconf 84' lang='lat' dir='ltr'><strong>16·ssuc-</strong></span> 
     </span>
     <span class='ocr_line' id='line_1_36' title="bbox 1137 3819 3151 3872; baseline -0.002 0"><span class='ocrx_word' id='word_1_338' title='bbox 1137 3828 1220 3872; x_wconf 85' lang='lat' dir='ltr'><strong>tue</strong></span> <span class='ocrx_word' id='word_1_339' title='bbox 1251 3839 1381 3872; x_wconf 83' lang='lat' dir='ltr'><strong>meos</strong></span> <span class='ocrx_word' id='word_1_340' title='bbox 1412 3825 1526 3872; x_wconf 76' lang='lat' dir='ltr'><strong>DP‘</strong></span> <span class='ocrx_word' id='word_1_341' title='bbox 1682 3839 1814 3872; x_wconf 86' lang='lat' dir='ltr'><strong>meus</strong></span> <span class='ocrx_word' id='word_1_342' title='bbox 1852 3823 1897 3871; x_wconf 88' lang='lat' dir='ltr'><strong><em>G</em></strong></span> <span class='ocrx_word' id='word_1_343' title='bbox 2052 3822 2235 3870; x_wconf 77' lang='lat' dir='ltr'><strong>fructus</strong></span> <span class='ocrx_word' id='word_1_344' title='bbox 2270 3822 2314 3869; x_wconf 90' lang='lat' dir='ltr'><strong><em>P</em></strong></span> <span class='ocrx_word' id='word_1_345' title='bbox 2342 3821 2512 3869; x_wconf 87' lang='lat' dir='ltr'><strong>fluctos</strong></span> <span class='ocrx_word' id='word_1_346' title='bbox 2544 3820 2612 3868; x_wconf 77' lang='lat' dir='ltr'><strong>H‘</strong></span> <span class='ocrx_word' id='word_1_347' title='bbox 2743 3821 2799 3868; x_wconf 86' lang='lat'><strong>17</strong></span> <span class='ocrx_word' id='word_1_348' title='bbox 2833 3819 3073 3869; x_wconf 77' lang='lat' dir='ltr'><strong>fructibus</strong></span> <span class='ocrx_word' id='word_1_349' title='bbox 3104 3822 3151 3869; x_wconf 89' lang='lat' dir='ltr'><strong><em>P</em></strong></span> 
     </span>
    </p>

    <p class='ocr_par' dir='ltr' id='par_1_14' title="bbox 1141 3898 3146 4041">
     <span class='ocr_line' id='line_1_37' title="bbox 1206 3898 3146 3960; baseline 0.001 -11"><span class='ocrx_word' id='word_1_350' title='bbox 1206 3905 1255 3949; x_wconf 88' lang='lat' dir='ltr'><strong>et</strong></span> <span class='ocrx_word' id='word_1_351' title='bbox 1287 3902 1508 3950; x_wconf 83' lang='lat' dir='ltr'><strong>erubesce</strong></span> <span class='ocrx_word' id='word_1_352' title='bbox 1541 3901 1676 3949; x_wconf 82' lang='lat' dir='ltr'><strong>uelut</strong></span> <span class='ocrx_word' id='word_1_353' title='bbox 1711 3901 1816 3950; x_wconf 90' lang='lat' dir='ltr'><strong>GH</strong></span> <span class='ocrx_word' id='word_1_354' title='bbox 1932 3903 1988 3949; x_wconf 79' lang='lat'><strong>18</strong></span> <span class='ocrx_word' id='word_1_355' title='bbox 2022 3900 2378 3949; x_wconf 87' lang='lat' dir='ltr'><strong>uerecondiores</strong></span> <span class='ocrx_word' id='word_1_356' title='bbox 2407 3899 2457 3945; x_wconf 87' lang='lat' dir='ltr'><strong>P</strong></span> <span class='ocrx_word' id='word_1_357' title='bbox 2554 3900 2610 3948; x_wconf 88' lang='lat'><strong>19</strong></span> <span class='ocrx_word' id='word_1_358' title='bbox 2644 3899 2753 3946; x_wconf 84' lang='lat' dir='ltr'><strong>odia</strong></span> <span class='ocrx_word' id='word_1_359' title='bbox 2786 3898 2832 3944; x_wconf 94' lang='lat' dir='ltr'><strong>P</strong></span> <span class='ocrx_word' id='word_1_360' title='bbox 2863 3900 2966 3947; x_wconf 88' lang='lat' dir='ltr'><strong>otio</strong></span> <span class='ocrx_word' id='word_1_361' title='bbox 3003 3904 3146 3960; x_wconf 65' lang='lat' dir='ltr'><strong>(corr.</strong></span> 
     </span>
     <span class='ocr_line' id='line_1_38' title="bbox 1141 3976 2704 4041; baseline -0.003 -15"><span class='ocrx_word' id='word_1_362' title='bbox 1141 3981 1243 4041; x_wconf 72' lang='lat'><em>¹722)</em></span> <span class='ocrx_word' id='word_1_363' title='bbox 1275 3979 1329 4026; x_wconf 83' lang='grc' dir='ltr'><em>Η</em></span> <span class='ocrx_word' id='word_1_364' title='bbox 1422 3981 1483 4028; x_wconf 82' lang='grc'><strong>20</strong></span> <span class='ocrx_word' id='word_1_365' title='bbox 1516 3980 1682 4028; x_wconf 83' lang='lat' dir='ltr'><strong>odiosa</strong></span> <span class='ocrx_word' id='word_1_366' title='bbox 1715 3980 1822 4028; x_wconf 84' lang='lat' dir='ltr'><strong><em>PH‘</em></strong></span> <span class='ocrx_word' id='word_1_367' title='bbox 1918 3980 1974 4027; x_wconf 79' lang='lat'><strong>21</strong></span> <span class='ocrx_word' id='word_1_368' title='bbox 2012 3981 2258 4027; x_wconf 81' lang='lat' dir='ltr'><strong>uersantur</strong></span> <span class='ocrx_word' id='word_1_369' title='bbox 2292 3981 2339 4035; x_wconf 87' lang='lat' dir='ltr'><strong>(n</strong></span> <span class='ocrx_word' id='word_1_370' title='bbox 2372 3992 2408 4027; x_wconf 81' lang='lat' dir='ltr'><strong>s.</strong></span> <span class='ocrx_word' id='word_1_371' title='bbox 2441 3992 2489 4025; x_wconf 78' lang='lat' dir='ltr'><strong>u.</strong></span> <span class='ocrx_word' id='word_1_372' title='bbox 2523 3978 2624 4036; x_wconf 62' lang='lat'><em>¹112)</em></span> <span class='ocrx_word' id='word_1_373' title='bbox 2657 3976 2704 4022; x_wconf 90' lang='lat' dir='ltr'><strong>P</strong></span> 
     </span>
    </p>
   </div>
  </div>
 </body>
</html>
