4242 4694
1216 489 1290 546 '74
2028 486 2376 534 Ambrosii

1133 664 1170 717 2
1291 659 1376 718 Sit
1399 661 1572 734 igitur
1595 660 1754 717 nobis
1778 658 2094 733 propositus
2121 660 2347 713 sanctus
2375 655 2574 728 Ioseph
2600 658 2886 728 tamquam
2911 655 3199 730 speculum
3281 664 3287 710 1

1211 754 1505 812 castitatis.
1556 755 1612 811 in
1661 754 1781 811 eius
1832 752 1977 809 enim
2028 750 2292 817 moribus,
2336 748 2390 805 in
2433 749 2552 806 eius
2594 749 2812 806 actibus
2855 750 3015 808 lucet
3052 750 3200 824 pudi-

1211 849 1343 906 citia
1397 852 1454 905 et
1509 848 1731 923 quidam
1791 846 2046 920 splendet
2101 844 2459 903 castimoniae
2517 860 2702 900 comes
2759 843 2907 902 nitor
2977 845 3199 920 gratiae.

1209 943 1355 1000 unde
1404 943 1570 1000 etiam
1621 960 1652 999 a
1700 942 2017 1016 parentibus
2067 940 2195 1013 plus
2247 957 2410 1012 quam
2461 938 2631 996 ceteri
2687 938 2788 996 filii
2844 937 3198 1014 diligebatur.

1209 1036 1307 1093 sed
1363 1053 1425 1093 ea
1480 1054 1569 1094 res
1624 1036 1865 1093 inuidiae
1921 1035 2046 1103 fuit,
2082 1033 2252 1107 'quod
2307 1032 2526 1090 silentio
2584 1032 3049 1106 praetereundum
3098 1052 3200 1093 non
3226 1051 3247 1088 ι

1126 1133 1166 1187 3
1208 1130 1332 1186 fuit.
1381 1130 1508 1187 hinc
1560 1146 1688 1205 ergo
1739 1131 2128 1204 argumentum
2175 1127 2351 1185 totius
2393 1127 2657 1184 historiae
2698 1127 2994 1199 processit,
3038 1128 3204 1187 simul
3263 1138 3287 1184 4

1211 1227 1274 1280 ut
1341 1240 1745 1298 cognoscamus
1819 1222 2124 1296 perfectum
2199 1220 2382 1277 uirum
2449 1238 2553 1277 non
2619 1219 2832 1277 moueri
2897 1219 3200 1280 ulciscendi

1209 1317 1415 1374 doloris
1462 1318 1665 1374 iniuria
1703 1330 1802 1374 nec
1843 1318 2115 1374 malorum
2156 1314 2452 1389 rependere
2490 1314 2689 1373 uicem.
2732 1313 2879 1372 unde
2921 1317 2981 1372 et
3020 1314 3206 1375 Dauid

1206 1409 1318 1467 ait:
1361 1410 1421 1468 si
1460 1410 1742 1469 reddidi
1784 1409 2369 1468 retribuentibus
2403 1408 2577 1465 mihi
2611 1409 2808 1466 mala.
2844 1409 2981 1482 quid
3016 1413 3206 1469 autem

1206 1507 1359 1562 esset
1398 1522 1507 1577 quo
1547 1505 1806 1579 praeferri
1847 1504 2047 1578 Ioseph
2088 1507 2389 1561 mereretur
2429 1503 2649 1572 ceteris,
2692 1502 2739 1560 si
2781 1504 2880 1560 aut
2917 1503 3206 1563 laedentes
3235 1521 3271 1559 ιο

1205 1598 1463 1656 laesisset
1502 1602 1601 1656 aut
1641 1599 1933 1674 diligentes
1977 1597 2305 1656 dilexisset?
2345 1599 2449 1655 hoc
2493 1597 2637 1654 enim
2680 1595 2928 1671 plerique
2966 1596 3205 1656 faciunt.

1206 1692 1306 1750 sed
1353 1693 1492 1751 illud
1542 1693 1812 1761 mirabile,
1863 1694 1911 1749 si
1960 1692 2160 1767 diligas
2209 1691 2494 1749 inimicum
2540 1695 2722 1750 tuum.
2765 1690 2915 1764 quod
2954 1693 3210 1751 saluator

1206 1785 1384 1842 docet.
1425 1787 1545 1843 iure
1587 1804 1717 1862 ergo
1759 1786 2042 1845 mirandus
2084 1787 2178 1860 qui
2220 1787 2325 1844 hoc
2368 1785 2501 1842 fecit
2543 1788 2667 1841 ante
2711 1785 3094 1859 euangelium,
3142 1789 3209 1843 ut

1204 1879 1392 1936 laesus
1450 1884 1714 1953 parceret,
1771 1880 2051 1954 adpetitus
2110 1881 2439 1955 ignosceret,
2496 1878 2759 1936 uenditus
2816 1894 2923 1935 non
2970 1879 3211 1938 referret

1205 1973 1480 2039 iniuriam,
1539 1974 1636 2031 sed
1694 1975 1927 2049 gratiam
1984 1991 2083 2047 pro
2140 1972 2479 2031 contumelia
2534 1973 2796 2039 solueret,
2855 1971 3003 2046 quod
3075 1978 3209 2048 post
3240 1992 3280 2029 ιε

1124 2067 1164 2120 4
1205 2066 1557 2141 euangelium
1593 2084 1783 2125 omnes
1818 2066 2112 2124 didicimus
2154 2069 2211 2122 et
2251 2082 2471 2123 seruare
2510 2083 2616 2122 non
2657 2081 2977 2138 possumus
3023 2065 3210 2125 disca·

1204 2176 1332 2217 mus
1372 2176 1502 2236 ergo
1546 2163 1603 2217 et
1642 2164 1954 2218 sanctorum
1996 2159 2282 2229 inuidiam,
2324 2161 2390 2215 ut
2428 2158 2713 2216 imitemur
2749 2158 3101 2233 patientiam,
3149 2165 3213 2221 et

1207 2262 1604 2328 cognoscamus
1667 2254 1796 2312 illos
1868 2272 1971 2312 non
2045 2257 2272 2311 naturae
2342 2252 2760 2327 praestantioris
2830 2252 3024 2320 fuisse,
3105 2257 3210 2314 sed

1207 2347 1609 2405 obseruationis
1643 2365 1741 2405 nec
1773 2348 1912 2405 uitia
1945 2348 2205 2415 nescisse,
2242 2348 2339 2405 sed
2374 2347 2711 2405 emendasse.
2747 2347 2946 2420 quodsi
2985 2348 3210 2408 inuidia

1207 2442 1373 2498 etiam
1414 2444 1636 2499 sanctos
1676 2442 1908 2512 adussit,
1951 2445 2154 2516 quanto
2195 2443 2378 2516 magis
2419 2442 2724 2499 cauendum
2766 2443 2853 2498 est
2883 2458 2952 2499 ne
2983 2441 3207 2501 inflam·
3238 2467 3287 2503 ιο

1204 2538 1321 2591 met
1358 2539 1720 2608 peccatores?

1047 2626 1162 2698 2,5
1281 2629 1612 2686 Instruimur
1670 2631 1844 2705 igitur
1907 2632 2087 2703 qualis
2155 2647 2277 2687 esse
2344 2629 2539 2685 debeat
2602 2628 2832 2685 affectus
2903 2632 3202 2701 parentum

1205 2722 1556 2796 filiorumque
1603 2724 1798 2798 gratia.
1847 2741 2027 2781 amare
2083 2724 2286 2781 liberos
2345 2722 2505 2781 dulce
2560 2724 2617 2779 et
2670 2721 2957 2795 inpensius
3012 2738 3205 2782 amare

1205 2816 1517 2888 praedulce,
1547 2817 1644 2874 sed
1676 2818 1989 2891 frequenter
2021 2834 2174 2874 amor
2204 2817 2322 2891 ipse
2354 2817 2586 2890 patrius,
2620 2816 2729 2872 nisi
2761 2814 3204 2876 moderationem

1204 2913 1407 2979 teneat,
1433 2916 1596 2969 nocet
1617 2913 1826 2980 liberie,
1861 2912 1909 2968 si
1943 2919 2042 2968 aut
2074 2912 2242 2968 nimia
2274 2911 2616 2986 indulgentia
2648 2910 2913 2967 dilectum
2946 2911 3207 2970 resoluat
3235 2932 3285 2970 ω

1360 3096 1389 3142 9
1422 3094 1595 3142 Psalm.
1630 3093 1720 3141 vn
1754 3096 1781 3142 5
1881 3096 1939 3143 12
1970 3095 2139 3142 matth.
2175 3097 2217 3150 5,
2250 3097 2312 3142 44

1271 3202 1291 3249 1
1327 3203 1458 3265 iosep
1491 3202 1540 3249 Β
1570 3204 1747 3265 (saepe)
1812 3204 1842 3251 2
1874 3203 2130 3264 pudicitiae
2164 3203 2261 3250 ΡΙ)
2321 3205 2353 3251 4
2383 3203 2471 3250 filii
2504 3203 2550 3250 P
2580 3203 2616 3261 (i
2649 3208 2753 3251 tert.
2785 3216 2824 3250 s.
2847 3204 2918 3259 u.)
2991 3202 3021 3249 5
3047 3206 3128 3250 set
3158 3203 3208 3251 P

1206 3307 1309 3361 (m2
1339 3304 1442 3364 sed)
1569 3276 1956 3367 praetereundem
1988 3306 2035 3352 P
2158 3306 2186 3352 6
2221 3320 2331 3368 ergo
2364 3306 2420 3352 in
2449 3319 2548 3352 ras.
2584 3304 2631 3352 P
2660 3304 2783 3352 enim
2815 3303 2873 3352 N
2879 3303 2925 3351 V
3059 3319 3202 3366 prae·

1205 3383 1349 3430 cessit
1367 3380 1458 3431 110
1538 3383 1566 3430 7
1602 3383 1893 3431 ulciscendae
1928 3383 2089 3431 dolore
2115 3383 2397 3431 inuidiaeN
2424 3382 2683 3430 ulciscendi
2717 3381 2876 3430 dolore
2901 3381 3104 3429 iniuriae
3142 3383 3200 3434 V.

1190 3462 1316 3520 sort.
1351 3461 1644 3509 ulciscendae
1676 3460 1836 3510 dolore
1869 3462 2067 3510 iniuriae
2161 3462 2190 3509 9
2225 3461 2344 3509 dicit
2372 3461 2417 3508 T
2538 3459 2821 3508 reddiderim
2855 3459 2895 3504 V
2991 3459 3045 3506 11
3081 3458 3201 3509 dili-

1203 3540 1351 3585 xisset
1379 3538 1428 3586 B
1524 3541 1580 3588 13
1614 3555 1724 3601 erga
1756 3554 1847 3590 om.
1878 3539 1941 3587 1²¹
2065 3540 2183 3588 facit
2213 3541 2310 3587 BP
2342 3539 2455 3588 fecit
2489 3539 2531 3588 0
2563 3543 2609 3596 (e
2641 3542 2724 3585 m2
2754 3553 2812 3585 ea:
2844 3542 2889 3595 a)
2990 3539 3048 3585 15
3080 3551 3200 3587 con·

1204 3617 1391 3664 tumilia
1421 3618 1469 3664 B
1499 3618 1640 3679 (corr.
1672 3622 1765 3676 mr)
1926 3618 1984 3665 16
2016 3617 2099 3666 sed
2132 3632 2319 3665 seruare
2361 3617 2407 3664 V
2528 3617 2759 3664 discamus
2791 3616 2840 3663 P
2871 3620 2912 3674 (s
2939 3629 3016 3676 pr.
3049 3628 3087 3662 s.
3122 3620 3199 3674 ιι.)

1208 3695 1262 3742 17
1297 3695 1536 3743 imitemur
1565 3696 1614 3743 Β
1645 3699 1720 3754 (ur
1749 3711 1787 3745 s.
1819 3711 1867 3744 u.
1901 3696 2002 3758 m2)
2100 3697 2156 3744 18
2188 3695 2554 3758 praestantiores
2587 3695 2635 3742 Β
2666 3696 2806 3756 (corr.
2839 3693 2942 3754 m3)
2974 3693 3022 3740 P
3052 3696 3199 3749 (corr.

1200 3773 1294 3834 ml)
1420 3780 1495 3821 set
1525 3774 1573 3821 P
1603 3773 1706 3833 (sed
1736 3778 1836 3833 ΜΞ)
1998 3774 2055 3821 19
2087 3774 2231 3821 scisse
2263 3773 2486 3821 BPP¹‘D
2516 3774 2720 3821 nescisse
2757 3772 2797 3821 0
2830 3776 2907 3829 (ne
2938 3774 3023 3819 ”⁸2
3051 3785 3089 3818 s.
3121 3776 3199 3830 ιι.)

1203 3851 1265 3897 22
1295 3851 1571 3899 instruimur
1602 3852 1650 3899 P
1679 3852 1850 3910 (instru
1882 3867 1940 3900 cx
1971 3852 2110 3912 initu)
2205 3854 2265 3900 25
2298 3858 2457 3900 autem
2489 3852 2536 3898 P
2565 3852 2657 3913 (em
2692 3854 2837 3908 eras.)
2965 3848 3199 3897 dilectum

1216 3929 1453 3979 Vwa‘o
1484 3929 1707 3978 delictum
1740 3936 1823 3979 cet.
