4242 4694
996 529 1071 585 54
1811 522 2156 570 Ambrosii

994 694 1298 768 resumptis
1338 694 1553 752 uiribus
1595 693 1744 752 sedit
1783 711 1950 768 supra
1986 694 2196 751 lectum
2231 710 2396 751 suum
2431 696 2488 751 et
2518 692 2798 751 benedixit
2826 693 2996 767 patli-

997 789 1193 846 archas
1233 788 1526 847 duodecim
1568 792 1626 847 et
1663 789 2035 863 prophetauit.

841 881 903 954 9,
921 880 993 938 37
1076 883 1281 940 Dicant
1319 900 1464 940 nunc
1506 883 1679 955 aliqui
1719 900 1827 941 non
1868 883 2093 940 beatum
2134 883 2317 952 Iacob,
2360 898 2487 940 cum
2528 882 2583 938 in
2625 882 2764 957 ipsis
2795 882 2997 941 mortis
3105 884 3148 935 B

1001 979 1153 1035 esset
1192 976 1408 1047 diebus,
1450 977 1544 1050 qui
1585 994 1758 1050 paene
1799 978 1960 1052 plura
1999 994 2126 1035 cum
2169 978 2271 1035 deo
2313 994 2483 1051 quam
2513 994 2639 1034 cum
2672 976 2996 1034 hominibus

1001 1072 1244 1151 alloquia
1289 1071 1578 1140 miscebat,
1626 1088 1732 1128 non
1781 1072 2024 1141 beatum,
2077 1090 2205 1130 cum
2254 1072 2402 1129 oculi
2458 1073 2577 1128 eius
2635 1072 3000 1144 grauarentur
3052 1088 3076 1126 ε

1000 1167 1058 1224 in
1108 1167 1397 1224 senectute
1446 1168 1504 1223 et
1550 1183 1658 1223 non
1706 1167 1899 1240 posset
1945 1166 2162 1233 uidere;
2212 1165 2437 1223 uidetur
2477 1165 2622 1222 enim
2664 1164 3000 1238 quibusdam

1003 1260 1244 1319 caecitas
1301 1277 1425 1317 esse
1481 1260 1668 1334 grauis
1728 1275 1987 1317 aerumna
2042 1259 2398 1317 calamitatis.
2449 1258 2547 1316 sed
2595 1261 2728 1316 tunc
2777 1276 2999 1331 quoque

931 1372 935 1376 ’
1002 1355 1200 1414 beatus
1248 1354 1433 1423 Iacob,
1475 1353 1609 1425 quia
1647 1352 1998 1411 discernebat
2038 1354 2240 1428 spiritu
2282 1371 2422 1428 quos
2465 1353 2643 1411 oculis
2686 1352 3000 1411 discernere

1005 1451 1347 1523 aspectuque
1388 1465 1493 1506 non
1534 1450 1767 1522 poterat.
1810 1447 2038 1505 uidebat
2075 1449 2283 1516 futura,
2325 1448 2420 1521 qui
2461 1448 2861 1505 aestimabatur
2891 1464 2997 1506 non
3107 1448 3145 1498 P

1003 1542 1194 1599 uidere
1234 1542 1564 1616 praesentia.
1609 1542 1845 1615 denique
1887 1543 2094 1600 enauit
2133 1545 2190 1599 et
2228 1543 2350 1617 ipse
2388 1542 2610 1615 Ioseph,
2653 1544 2734 1607 ut,
2769 1558 2897 1599 cum
2929 1542 3002 1599 ad
3029 1560 3080 1597 ιο

1006 1638 1281 1695 dexteram
1314 1638 1433 1695 eius
1466 1637 1806 1711 adplicasset
1834 1638 2013 1695 filium
2045 1654 2209 1698 suum
2243 1637 2510 1695 seniorem
2544 1640 2600 1694 et
2624 1636 2692 1693 ad
2717 1637 2999 1694 sinistram

1008 1731 1206 1805 Ipsius,
1255 1731 1360 1789 hoc
1408 1733 1497 1788 est
1541 1730 1725 1798 Iacob,
1769 1729 2107 1804 adplicasset
2145 1731 2326 1788 filium
2365 1730 2652 1798 iuniorem,
2694 1734 2759 1787 ut
2799 1730 3000 1787 aetatis

987 1826 1140 1883 ‘ordo
1156 1823 1556 1882 benedictionis
1576 1825 1823 1881 ordinem
1846 1826 2172 1894 reseruaret‚
2198 1823 2516 1882 extenderet
2532 1825 2696 1893 Iacob
2724 1824 3002 1881 dexteram

1007 1937 1177 1992 super
1215 1922 1471 1991 nepotem
1511 1918 1785 1975 iuniorem
1826 1920 1884 1976 et
1924 1918 2206 1977 sinistram
2240 1936 2406 1993 super
2438 1920 2710 1976 seniorem
2745 1921 3004 1991 nepotem

1009 2016 1066 2071 et
1119 2013 1332 2070 uolenti
1386 2011 1501 2070 filio
1558 2013 1794 2086 patriam
1845 2013 2121 2070 dexteram
2171 2030 2338 2087 supra.
2383 2013 2677 2070 Manassen
2729 2014 3002 2070 seniorem
3034 2030 3078 2068 ιε

1010 2111 1331 2166 conuertere
1379 2107 1768 2181 responderet:
1823 2108 1991 2176 sci0‚
2040 2108 2179 2175 fili,
2231 2109 2408 2165 scio:
2461 2110 2530 2165 et
2576 2109 2684 2165 hic
2743 2109 2882 2169 erit
2936 2108 3001 2165 in

1009 2203 1345 2276 populum
1390 2201 1609 2258 ethic
1654 2201 2126 2269 exaltabitur;
2162 2202 2285 2259 sed
2316 2203 2547 2260 frater
2580 2204 2736 2260 eius
2769 2203 3007 2260 iunior
3079 2212 3155 2261 475

1009 2297 1231 2354 maior
1278 2295 1409 2354 illo
1460 2295 1615 2353 erit.
1665 2298 1723 2353 et
1770 2312 1996 2353 causam
2044 2297 2398 2369 praelationis
2450 2296 2730 2354 adiuuerit
2777 2296 3003 2358 dicens:

1013 2406 1243 2447 semen
1315 2389 1469 2447 eius
1536 2389 1673 2446 erit
1737 2389 2127 2447 multitudo
2190 2391 2522 2464 gentium.
2591 2390 2727 2447 adeo
2801 2391 3005 2449 melius

1010 2484 1259 2560 inpedito
1309 2484 1444 2541 licet
1490 2484 1735 2558 corporis
1785 2487 2016 2557 aspectu
2063 2485 2308 2553 uidebat,
2357 2488 2422 2542 ut
2460 2484 2743 2541 uidentem
2785 2484 3009 2542 doceret
3038 2502 3084 2539 ιο

1014 2595 1246 2636 errasse.
1296 2579 1421 2651 quis
1470 2579 1616 2636 enim
1664 2579 1866 2636 melius
1918 2579 2075 2636 uidet
2120 2597 2286 2652 quam
2336 2579 2432 2652 qui
2481 2579 2638 2636 uidet
2677 2579 3008 2637 Christum?

1016 2675 1115 2731 aut
1161 2673 1288 2746 quis
1337 2675 1529 2748 potest
1575 2672 1755 2730 dicere
1807 2674 1985 2731 oculis
2026 2673 2335 2747 inpeditum
2378 2691 2504 2732 eum
2549 2674 2644 2746 qui
2685 2673 2916 2731 uidebat
2950 2673 3008 2731 in

1017 2766 1236 2826 Christo
1278 2766 1570 2825 ecclesiam
1609 2768 2023 2841 refulgentem?
2062 2784 2241 2826 nonne
2280 2768 2454 2842 igitur
2492 2769 2702 2825 clarum
2743 2771 2830 2825 est
2860 2767 3009 2840 quod

1016 2860 1275 2919 debilitas
1338 2860 1740 2919 beatitudinem
1801 2861 2071 2936 impedire
2126 2879 2231 2919 non
2289 2863 2512 2936 possit?
2567 2862 2664 2920 ille
2721 2864 3007 2920 oculorum

1015 2954 1318 3029 impeditus
1366 2971 1610 3025 munere,
1659 2955 1757 3013 ille
1807 2955 2127 3031 defatigatis
2177 2957 2422 3030 corporis
2479 2957 2693 3015 uiribus
2749 2957 2804 3014 in
2861 2957 3009 3015 lecto
3041 2974 3088 3011 τε
3115 2963 3155 3014 Β

1175 3155 1205 3203 5
1238 3154 1355 3204 Gen.
1388 3156 1467 3213 48,
1502 3156 1561 3204 10
1668 3156 1728 3204 10
1759 3155 1877 3205 Gen.
1909 3156 1985 3213 48,
2022 3157 2079 3204 17
2114 3171 2183 3219 sq.
2292 3158 2349 3206 16
2383 3156 2500 3205 Gen.
2531 3159 2609 3212 48,
2648 3159 2702 3206 19
2802 3159 2860 3206 19
2893 3158 3012 3210 Gen.

1018 3235 1097 3290 48,
1133 3234 1191 3282 19

1083 3342 1113 3390 3
1154 3340 1565 3403 dicat...aliquis
1613 3342 1714 3391 VN
1744 3348 1800 3393 et.
1831 3351 1974 3403 (eom
2014 3344 2451 3407 dicant...aliqui)
2498 3347 2538 3394 Τ
2689 3345 2719 3394 8
2764 3361 2881 3409 quos
2923 3347 3020 3394 ΔΡ

1022 3419 1150 3482 quod
1181 3425 1265 3468 eet.
1391 3419 1571 3469 discere
1601 3423 1650 3470 A
1684 3425 1739 3482 (s.
1771 3425 1856 3471 πθ
1886 3422 2170 3482 discernere)
2333 3425 2389 3472 13
2421 3424 2557 3472 iacob
2589 3440 2678 3473 om.
2713 3424 2779 3472 N'
2906 3425 3014 3474 dex-

1022 3501 1172 3547 teram
1214 3499 1352 3546 Aml
1388 3498 1438 3546 P
1474 3498 1712 3548 dexteram
1753 3516 1887 3550 suam
1928 3505 2074 3550 Am2
2112 3507 2194 3551 cet.
2354 3505 2413 3553 15
2454 3518 2595 3566 supra
2625 3504 2723 3552 ΔΡ
2758 3519 2900 3567 super
2932 3508 3015 3553 cet.

1085 3592 1348 3626 manassem
1381 3577 1482 3626 AT
1573 3578 1631 3626 16
1663 3579 1972 3642 responderet
2010 3580 2103 3629 VN
2134 3586 2181 3629 et
2213 3581 2321 3641 (-rit
2351 3584 2493 3640 corr.)
2531 3582 2575 3630 T
2603 3582 2898 3645 responderit
2931 3587 3014 3632 cet.

1086 3655 1156 3704 ffli
1177 3657 1244 3704 mi
1266 3657 1363 3705 acio
1387 3656 1543 3716 P-(mi
1567 3658 1664 3706 scio
1688 3658 1745 3706 in
1766 3672 1865 3707 ras.
1891 3673 1951 3707 ac
1981 3660 2082 3707 ecio
2110 3663 2213 3720 ΜΩ)
2324 3661 2381 3709 18
2413 3660 2655 3709 adiuucxit
2680 3662 2780 3710 AV
2802 3661 3019 3710 adiunxit

1025 3740 1107 3782 cet.
1207 3736 1264 3783 19
1295 3733 1464 3784 melius
1488 3740 1604 3797 post
1634 3739 1830 3799 aspectu
1862 3742 2192 3799 transponunt
2223 3738 2352 3788 wE
2453 3740 2516 3787 20
2546 3739 2765 3801 inpedita
2798 3742 2843 3786 A
2876 3742 3016 3800 (corr.

1025 3828 1086 3861 m.
1121 3815 1245 3872 ant.)
1277 3812 1327 3860 P
1354 3816 1495 3876 (corr.
1527 3817 1627 3872 ²1⁸2)
1865 3815 2057 3864 doceret
2086 3816 2135 3864 A
2169 3821 2224 3874 (s.
2256 3820 2340 3865 22⁸2
2367 3817 2392 3865 1
2423 3816 2621 3876 diceret)
2665 3818 2708 3865 V
2736 3819 2815 3880 (ex
2847 3818 3017 3867 docen-

1025 3895 1143 3950 tem)
1183 3891 1228 3939 T
1256 3892 1332 3954 (a
1364 3889 1560 3951 ficeret)
1639 3893 2047 3957 23·refulgentem
2083 3894 2327 3944 ecclesiam
2359 3896 2487 3946 21¹⁴ss
2568 3897 2629 3945 25
2663 3896 2951 3959 defatigatus
2974 3897 3024 3945 P

1003 3970 1101 4032 .(us
1132 3984 1169 4021 s.
1203 3985 1252 4018 u.
1276 3974 1377 4032 ΜΖ)
1412 3958 1689 4033 defatigatis
1719 3974 1764 4024 ss
1798 3976 1846 4031 (a
1869 3989 1948 4034 pr.
1981 3976 2066 4022 m3
2097 3989 2156 4022 ex
2188 3979 2231 4032 e)
