4242 4694
1119 531 1238 586 470
1950 525 2294 571 Ambrosii

1120 701 1181 755 et-
1220 695 1518 754 uindicatis
1560 695 1724 753 uobis
1763 697 2177 770 possessionem
2220 700 2486 753 naturae?
2528 697 2581 752 in
2618 712 2917 754 commune
2959 696 3115 754 omni·

1122 792 1252 860 bus,
1294 789 1565 848 diuitibus
1606 792 1774 863 atque
1811 789 2168 864 pauperibuS‚
2210 793 2354 847 terra
2393 790 2626 848 fundata
2665 794 2780 848 est:
2828 807 2931 848 cur
2968 790 3118 848 uobis

1121 885 1213 942 ius
1260 883 1543 961 proprium
1594 883 1719 952 soli,
1769 883 1993 953 diuites,
2043 884 2366 960 adrogatis?
2430 885 2609 943 nescit
2658 888 2862 943 natura
2903 885 3118 947 diuites.

1123 996 1268 1054 quae
1316 995 1506 1037 omnes
1552 994 1823 1052 pauperes
1872 982 2115 1053 generat.
2182 995 2354 1053 neque
2404 980 2549 1036 enim
2599 996 2726 1038 cum
2768 980 3120 1039 uestimentis
3173 987 3208 1036 51

1125 1074 1421 1143 nascimur,
1463 1090 1591 1131 cum
1641 1089 1773 1131 auro
1825 1075 2163 1148 argentoque
2211 1090 2554 1149 generamur.
2620 1074 2798 1133 nudos
2849 1075 3039 1134 fundit
3074 1076 3125 1134 in
3164 1094 3179 1130 ι

1124 1170 1309 1227 lucem
1359 1170 1587 1243 egentes
1635 1167 1760 1225 eibo
1808 1167 2016 1225 amictu
2065 1168 2284 1241 poculo,
2327 1169 2506 1227 nudos
2553 1169 2756 1242 recipit
2800 1172 2953 1227 terra
2994 1187 3127 1245 quos

1125 1262 1319 1330 edidit,
1359 1261 1540 1320 nescit
1577 1260 1717 1319 fines
1755 1261 2178 1335 possessionum
2221 1263 2515 1337 sepulchro
2556 1263 2860 1322 includere.
2905 1280 3127 1340 caespes

1125 1358 1401 1430 angustus
1457 1372 1629 1429 aeque
1680 1359 1739 1414 et
1784 1357 2012 1431 pauperi
2061 1357 2307 1415 abundat
2353 1361 2410 1415 et
2457 1357 2623 1416 diuiti
2671 1360 2729 1416 et
2773 1361 2943 1427 terra,
2996 1375 3129 1434 qnae

1126 1449 1372 1508 uiuentis
1412 1467 1518 1508 non
1560 1449 1705 1523 cepit
1746 1450 2025 1520 affectum,
2065 1455 2250 1510 totum
2290 1452 2401 1510 iam
2443 1451 2675 1510 diuitem
2726 1453 2896 1527 capit.
2953 1452 3129 1512 nescit

1125 1561 1258 1620 ergo
1306 1548 1504 1615 natura
1550 1544 1859 1602 discernere
1907 1544 2126 1617 quando
2176 1546 2473 1614 nascimur,
2516 1546 2697 1604 nescit
2736 1547 2962 1620 quando
3007 1546 3125 1605 defi·
3152 1566 3184 1601 u

1127 1640 1327 1698 cimus.
1371 1657 1560 1698 omnes
1603 1640 1815 1698 similes
1858 1642 2025 1709 creat,
2068 1655 2258 1698 omnes
2300 1639 2513 1697 similes
2554 1640 2765 1713 gremio
2799 1640 3023 1698 claudit
3052 1657 3126 1698 se-

1126 1733 1365 1808 pulchri.
1429 1735 1555 1809 quis
1603 1735 1880 1793 discernat
1926 1735 2142 1810 species
2183 1737 2570 1792 moituorum?
2634 1734 2888 1808 redoperi
2930 1739 3125 1793 terram
3201 1739 3208 1786 Ζ

1130 1831 1203 1894 et,
1246 1828 1294 1886 si
1335 1831 1516 1903 potes,
1557 1828 1791 1887 diuitem
1831 1827 2194 1902 deprehende.
2238 1828 2524 1886 eruderato
2565 1828 2730 1902 paulo
2772 1831 2909 1902 post
2948 1832 3126 1887 turnu-

1125 1922 1247 1979 lum
1289 1925 1362 1992 et,
1404 1924 1454 1980 si
1494 1923 1803 1999 cognosciS,
1843 1925 2098 1999 egentem
2143 1939 2311 1998 argue
2353 1922 2462 1981 nisi
2494 1921 2633 1981 forte
2665 1922 2771 1982 hoc
2806 1924 2952 1992 solo,
2991 1922 3127 1998 quod

1048 2024 1089 2080 3
1129 2017 1291 2090 plura
1329 2034 1453 2075 cum
1499 2016 1673 2074 diuite
1713 2020 1962 2092 pereunt.
2004 2016 2211 2076 sericae
2251 2021 2440 2075 uestes
2482 2021 2539 2074 et
2575 2033 2705 2076 auro
2740 2017 2955 2075 intexta
2985 2019 3124 2077 uela·
3149 2034 3180 2072 u

1124 2110 1298 2181 mina,
1348 2110 1551 2186 quibus
1603 2110 1797 2169 diuitis
1847 2127 2047 2184 corpus
2097 2110 2356 2180 ambitur,
2400 2110 2597 2169 damna
2645 2111 2989 2180 uiuentium,
3030 2128 3123 2172 non

1133 2204 1388 2264 subsidia
1426 2204 1810 2281 defunctorum
1844 2209 1993 2263 sunt.
2034 2207 2381 2281 unguentum
2417 2205 2641 2278 accipis,
2675 2205 2856 2274 diues,
2894 2209 2953 2264 et
2985 2205 3127 2265 faeti·

1132 2301 1239 2358 dus
1290 2316 1378 2367 es;
1429 2298 1613 2373 perdis
1662 2298 1896 2357 alienam
1947 2300 2182 2376 gratiam
2230 2316 2330 2357 nec
2379 2298 2625 2373 adquiris
2666 2302 2838 2358 tuam.
2904 2300 3126 2361 heredes

1131 2394 1420 2468 relinquis,
1471 2395 1566 2468 qui
1611 2394 1853 2469 litigent.
1919 2395 2215 2452 heredibus
2271 2393 2539 2468 relinquis
2589 2393 2906 2468 depositum
2960 2394 3121 2473 magis
3171 2383 3197 2435 ι’

1134 2488 1528 2547 hereditarium
1563 2505 1729 2562 quam
1764 2489 2115 2547 commodum
2148 2487 2544 2556 uoluntarium,
2578 2487 2675 2560 qui
2705 2486 2761 2543 id
2797 2488 2952 2560 quod
2987 2488 3157 2548 relb·

1132 2587 1255 2639 tum
1297 2585 1382 2639 est
1421 2582 1668 2640 minuere
1712 2600 1774 2640 ac
1813 2582 2022 2640 uiolare
2065 2581 2378 2641 formident.
2437 2582 2485 2639 si
2525 2580 2672 2656 frugi
2712 2580 2948 2639 heredes
2995 2583 3123 2647 suni.

1133 2675 1486 2745 custodiunt-3
1531 2677 1578 2734 si
1620 2677 1906 2742 luxuriosi,
1944 2676 2289 2734 exhauriunt.
2329 2677 2518 2748 itaque
2560 2678 2658 2731 aut
2696 2674 2873 2732 bonos
2909 2675 3126 2735 heredes

1292 3001 1321 3048 5
1356 2999 1440 3047 101>
1476 3001 1518 3056 1,
1552 2998 1608 3047 21
1644 2998 1755 3048 Bas.
1787 3000 1879 3048 276
1911 3001 1950 3048 n
1986 3000 2067 3057 (50
2099 3000 2159 3060 A)

1202 3200 1225 3248 1
1261 3200 1398 3248 nohis
1431 3199 1653 3257 P‘DLT,
1688 3214 1777 3251 om.
1810 3205 1893 3249 cet.
2003 3200 2035 3248 5
2065 3200 2302 3248 nascimur
2322 3202 2459 3254 <nec>
2499 3214 2601 3247 cum
2638 3215 2668 3243 α
2794 3202 3000 3260 argento
3037 3202 3136 3258 (οιι

1135 3283 1248 3341 que)
1281 3278 1378 3328 RB
1501 3278 1655 3327 nudos
1689 3281 1735 3339 (o
1768 3294 1826 3327 σω
1858 3295 1886 3327 n
1920 3278 2143 3337 m2)1eB
2268 3277 2429 3327 fundit
2449 3276 2552 3324 BV
2568 3275 2697 3325 fudit
2719 3281 2803 3325 cet.
2903 3279 2933 3327 6
2968 3278 3139 3341 populo

1137 3363 1184 3416 (c
1213 3371 1253 3407 s.
1285 3372 1316 3419 p
1349 3359 1448 3416 m2)
1481 3357 1530 3406 B
1634 3359 1660 3405 7
1695 3357 1785 3406 fine
1818 3357 1883 3405 N⁴
2017 3356 2298 3416 concludere
2330 3356 2399 3418 (in
2431 3369 2468 3402 s.
2504 3360 2609 3414 con)
2640 3355 2693 3403 D
2818 3370 3021 3419 caespes
3051 3356 3143 3406 RB

1137 3451 1300 3498 cespes
1325 3441 1407 3484 cet.
1504 3437 1532 3484 9
1566 3438 1721 3484 totum
1753 3450 1841 3485 om.
1872 3435 2041 3484 GB‘N'
2138 3436 2194 3483 10
2228 3438 2414 3489 natura,
2448 3433 2638 3490 diuites,
2671 3435 2824 3482 nescit
2859 3434 2904 3481 V
3033 3435 3143 3484 defi-

1139 3515 1316 3561 ciamus
1348 3516 1389 3565 21
1433 3518 1480 3574 (a
1520 3518 1662 3573 eras.)
1703 3512 1925 3565 offwP‘
2084 3514 2142 3562 12
2192 3513 2421 3561 discernit
2450 3512 2499 3560 R
2539 3518 2585 3561 et
2623 3515 2670 3575 (a
2708 3516 2792 3559 2122
2827 3527 2868 3563 ε.
2903 3514 2919 3568 i
2954 3514 3069 3574 alt)
3101 3514 3144 3560 Β

1200 3592 1416 3654 sedoperi
1449 3594 1544 3642 RL
1577 3599 1620 3641 et
1656 3598 1697 3652 (r
1727 3598 1810 3641 m2
1838 3608 1876 3643 ε.
1909 3594 1952 3655 s)
1983 3593 2032 3640 Β
2063 3593 2280 3654 sedoperi
2320 3593 2361 3639 V
2392 3591 2609 3654 redaperi
2640 3590 2705 3638 P¹
2803 3592 2862 3639 13
2897 3591 3146 3654 dephende

1137 3670 1217 3732 (de
1250 3686 1308 3719 ex
1341 3670 1419 3730 do)
1459 3672 1499 3719 0
1529 3671 1879 3734 deprehendere
1903 3672 1965 3719 B‘
2090 3671 2274 3734 tumulo
2308 3672 2357 3727 (ἢ
2390 3685 2426 3718 s.
2463 3686 2489 3718 o
2521 3674 2622 3730 m2)
2656 3669 2698 3718 V
2794 3670 2856 3718 14
2889 3685 3147 3732 cognosces

1138 3750 1189 3799 R
1218 3755 1263 3798 et
1296 3750 1378 3808 (·is
1411 3765 1531 3798 corr.
1565 3755 1667 3811 2712)
1699 3751 1748 3798 Β
1874 3750 1977 3798 solu
2008 3750 2109 3802 mv
2209 3752 2264 3798 15
2297 3765 2402 3798 cum
2436 3748 2589 3797 diuite
2621 3748 2757 3811 plura
2785 3749 2904 3798 QVE
3029 3749 3144 3813 syri·

1140 3844 1221 3877 cae
1254 3829 1351 3877 RB
1466 3830 1522 3877 17
1557 3830 1654 3877 sint
1686 3830 1734 3878 R
1859 3828 2039 3893 fetidus
2070 3829 2183 3879 ΨΒ
2214 3828 2391 3877 fetidus
2425 3834 2507 3876 cet.
2606 3828 2663 3876 18
2697 3827 2868 3890 perdes
2901 3827 3008 3877 RV
3036 3833 3081 3877 et
3111 3828 3146 3886 (i

1138 3910 1222 3954 m2
1251 3921 1288 3957 e.
1325 3922 1349 3966 e
1385 3908 1494 3969 alt.)
1527 3908 1574 3954 Β
1703 3909 1759 3956 19
1793 3908 2019 3970 relinquis
2043 3923 2124 3969 pr.
2161 3908 2223 3968 (is
2257 3923 2314 3956 ex
2346 3923 2395 3956 es
2429 3910 2526 3965 m2)
2562 3908 2608 3954 B
2752 3920 2856 3954 cum
2890 3905 3145 3955 heredibus

1137 3986 1253 4036 QVE
1365 3987 1427 4035 20
1458 3987 1508 4034 id
1545 3988 1578 4045 (i
1610 4003 1646 4035 s.
1681 3995 1748 4047 u.)
1786 3988 1846 4046 B,
1881 4003 1968 4036 om.
2004 3987 2074 4034 ΙΨ
