4242 4694
1125 538 1240 594 238
1967 535 2314 582 Ambrosii

1122 709 1412 766 laborabat
1466 708 1584 777 Iob,
1643 709 1739 765 sed
1797 708 2111 766 sustinebat
2169 711 2224 765 et
2279 708 2576 767 uerborum
2629 709 2784 767 iuxta
2833 709 3136 769 uulnerum

1125 820 1292 860 onera
1329 802 1600 876 portabat.
1635 801 1781 859 uidit
1812 819 1940 859 eum
1975 803 2312 877 agonotheta
2344 819 2502 870 suus,
2536 803 2605 860 de
2636 804 2784 862 nube
2819 808 2882 861 et
2912 805 3136 863 turbine

1125 914 1349 954 manum
1397 896 1672 954 laboranti
1723 896 1876 954 dedit
1923 900 1979 954 et
2030 896 2382 953 obluctantes
2431 897 2590 972 graui
2636 897 2798 972 lapsu
2862 899 3135 957 cecidisse

1123 992 1527 1064 pronuntiauit,
1567 992 1837 1048 uictorem
1882 991 2147 1057 adseruit,
2190 1007 2446 1048 coronam
2489 991 2710 1048 detulit.

1072 1086 1106 1141 9
1204 1084 1352 1155 Quid
1393 1090 1579 1143 autem
1621 1084 1870 1158 pulcrius
1912 1102 2077 1156 quam
2118 1085 2314 1152 ridere,
2357 1102 2484 1155 cum
2526 1085 2885 1143 maledicitur
2924 1087 3132 1144 nobis?
3174 1089 3235 1142 sl

1123 1180 1363 1250 gaudere
1390 1180 1535 1237 enim
1569 1179 1855 1247 debemuS,
1891 1179 1940 1235 si
1974 1179 2151 1235 aliena
2185 1180 2455 1240 dicantur.
2491 1179 2733 1253 primum
2768 1180 2905 1254 quia
2935 1183 3132 1239 uolens

1122 1275 1384 1331 inimicus
1433 1274 1641 1347 aliquid
1692 1274 1989 1331 aduersum
2041 1289 2142 1329 nos
2193 1273 2392 1340 dicere,
2444 1289 2551 1345 quo
2594 1274 2799 1331 crimen
2843 1274 3131 1351 adfigeret,

1123 1386 1231 1426 non
1280 1368 1497 1424 inuenit
1544 1367 1690 1440 quod
1740 1384 1932 1424 uerum
1986 1371 2089 1435 est,
2141 1368 2238 1424 sed
2286 1368 2430 1424 falsa
2476 1384 2573 1442 pro
2621 1369 2773 1425 ueris
2813 1370 3168 1445 conposuit.'

1125 1462 1321 1519 deinde
1378 1463 1509 1535 quia
1565 1462 1702 1519 dixit
1755 1462 1876 1535 ipse
1935 1462 2194 1519 dominus
2243 1462 2296 1519 in
2349 1462 2638 1536 euangelio
2689 1462 2756 1520 de
2804 1464 3129 1523 huiusmodi

1123 1557 1523 1623 criminatione,
1598 1573 1737 1629 quae
1809 1556 2198 1614 innocentibus
2270 1556 2411 1613 falso
2485 1558 2835 1631 inrogaretur
2908 1566 3132 1634 propter
3156 1579 3192 1612 ιο

1121 1651 1429 1708 iustitiam:
1473 1648 1758 1725 gaudete
1800 1652 1865 1706 et
1905 1651 2218 1719 exultate,
2262 1650 2566 1722 quoniam
2609 1668 2860 1709 merces
2905 1657 3129 1711 uestra

1122 1746 1333 1803 multa
1399 1746 1500 1801 est
1564 1745 1624 1800 in
1692 1740 1895 1802 caelo.
1961 1749 2141 1802 tacere
2207 1762 2335 1819 ergo
2402 1744 2566 1802 debet
2623 1746 2719 1820 qui
2775 1749 3129 1822 recognoscit

1121 1839 1425 1905 obiectum,
1466 1854 1534 1895 ne
1575 1838 1783 1895 uulnus
1824 1841 2113 1911 exasperet
2152 1841 2209 1894 et
2250 1838 2536 1895 scindatur
2575 1839 2820 1908 cicatrix,
2853 1845 3045 1899 tacere
3075 1846 3128 1899 et
3214 1839 3235 1889 C

1121 1933 1218 2006 qui
1266 1950 1371 1990 non
1423 1933 1807 2006 recognoscit:
1858 1933 2015 1990 audit
2062 1932 2207 1990 enim
2258 1932 2502 1998 alterius,
2544 1950 2650 1990 non
2692 1949 2859 1991 suum
2902 1936 3125 1993 crimen.

1124 2028 1271 2101 quod
1320 2028 1367 2084 si
1416 2028 1632 2094 referat,
1685 2045 1848 2085 suum
1899 2027 2070 2084 facit:
2120 2028 2168 2085 si
2216 2029 2418 2087 taceat.
2460 2030 2745 2100 retorquet
2786 2033 2844 2086 et
2884 2031 3125 2089 conuici-
3151 2045 3188 2082 ιε

1123 2125 1308 2179 antem
1377 2121 1651 2181 uulnerat.
1708 2125 1891 2178 tacere
1950 2121 2116 2178 debet
2171 2120 2338 2178 etiam
2398 2121 2492 2177 ille
2549 2122 2643 2194 qui
2700 2122 2767 2179 de
2823 2128 3127 2183 memorata

1122 2216 1375 2272 mercede
1425 2215 1756 2289 praesumit;
1798 2232 1905 2272 uon
1955 2215 2100 2272 enim
2149 2214 2363 2286 patitur
2406 2215 2828 2288 praeiudicium,
2880 2219 2973 2275 cui
3021 2236 3124 2277 non

1123 2313 1213 2365 est
1261 2308 1551 2366 iudicium.
1601 2316 1658 2365 et
1708 2310 1756 2365 si
1804 2309 1976 2366 fuerit
2022 2309 2423 2382 praeiudicium
2473 2310 2528 2365 in
2581 2312 2825 2379 saeculo,
2876 2329 2987 2373 non
3027 2314 3127 2372 erit

1122 2404 1177 2460 in
1236 2403 1440 2461 iudicio
1499 2403 1604 2460 dei.
1665 2404 1904 2477 denique
1962 2407 2025 2459 ut
2082 2420 2384 2477 cognoscas
2443 2404 2574 2477 quia
2628 2420 2731 2461 non
2782 2407 3124 2480 praeiudicat

1123 2496 1461 2554 contumelia
1504 2497 1679 2554 bonae
1730 2497 2121 2563 conscientiae,
2173 2497 2301 2553 audi
2361 2501 2619 2555 sanctum
2673 2498 2773 2555 Iob
2829 2499 3122 2560 dicentem.
3149 2516 3187 2551 ²·

1122 2590 1544 2664 locupletiorem
1593 2591 1787 2664 utique
1834 2594 2040 2648 testem
2092 2607 2258 2664 quam
2308 2591 2353 2647 si
2403 2591 2634 2665 imperio
2684 2593 2832 2650 orbis
2891 2595 3124 2654 Romani
3208 2600 3235 2650 Ι]

1124 2684 1339 2758 potitus
1400 2688 1581 2742 esset:
1642 2700 1808 2741 nunc
1864 2688 2335 2741 ommutescam
2394 2688 2457 2741 et
2516 2685 3004 2759 derelinquam:
3069 2691 3121 2748 si

1126 2795 1296 2836 nunc
1359 2779 1521 2835 mihi
1580 2778 2063 2851 praeiudicium
2122 2781 2240 2845 est,
2298 2781 2454 2836 tunc
2513 2795 2544 2835 a
2603 2779 2773 2836 facie
2830 2783 2948 2840 tua
3003 2800 3120 2841 non

1029 2877 1105 2933 10
1125 2873 1505 2930 abscondar.
1572 2873 1707 2929 haec
1773 2888 1903 2946 ergo
1966 2873 2187 2944 parcius
2259 2873 2313 2929 in
2389 2872 2608 2931 exordio
2679 2875 2987 2946 respondit,
3060 2882 3124 2936 ut

1125 2967 1443 3024 admoneret
1496 2966 1623 3023 illos
1686 2965 1876 3021 iudicii
1942 2965 2030 3021 dei
2087 2978 2259 3039 atque
2324 2966 2390 3023 ab
2455 2966 2752 3024 insolentia
2818 2971 2876 3025 et
2941 2970 3188 3028 furoreaes

1278 3099 1338 3146 22
1372 3097 1457 3144 Iob
1495 3098 1566 3151 13,
1603 3098 1661 3145 19
1693 3112 1763 3158 sq.

1190 3210 1208 3255 1
1247 3208 1445 3255 uulnera
1477 3207 1586 3254 DP‘
1698 3208 1727 3254 2
1762 3207 2055 3267 agonotheta
2087 3207 2135 3252 P
2154 3210 2229 3253 ml
2262 3206 2542 3268 agonitheta
2572 3207 2620 3254 P
2641 3210 2724 3255 m2
2754 3214 2837 3256 cet.
2959 3211 2988 3259 3
3023 3226 3122 3260 cor·

1123 3285 1274 3334 ruisse
1307 3285 1355 3332 Β
1480 3288 1509 3333 5
1543 3285 1782 3346 pulchrius
1814 3284 1863 3331 P
1891 3284 1942 3346 (h
1974 3298 2010 3331 8.
2045 3289 2114 3343 u.)
2150 3289 2231 3334 cet.
2359 3286 2387 3332 6
2422 3283 2609 3332 debetis
2640 3285 2759 3333 DP‘
2877 3288 2907 3334 7
2941 3288 3122 3352 aliquid

1125 3364 1280 3412 dicere
1313 3363 1564 3414 aduersum
1598 3377 1682 3410 nos
1717 3362 1829 3410 DP¹
1862 3363 2110 3410 aduersum
2143 3377 2228 3410 nos
2262 3362 2441 3420 aliquid
2477 3362 2629 3411 dicere
2665 3363 2708 3410 C
2868 3380 2962 3427 qno
2995 3367 3046 3415 P
3075 3372 3122 3426 (ρ

1121 3445 1178 3490 in
1208 3455 1307 3489 rae.
1341 3444 1441 3498 2712)
1584 3442 1614 3489 9
1647 3441 1748 3502 ipse
1783 3441 1903 3488 dixit
1934 3441 1982 3489 in
2017 3441 2265 3502 euangelio
2301 3428 2387 3489 d—n-'s
2419 3441 2468 3489 Β
2626 3442 2684 3490 10
2716 3442 3047 3493 criminatione
3078 3446 3125 3494 P

1123 3521 1160 3578 (i
1191 3535 1265 3581 pr.
1300 3534 1336 3567 ε.
1371 3524 1440 3578 ιι.)
1602 3521 1658 3567 14
1692 3523 1743 3567 et
1773 3535 1867 3566 non
1898 3519 1947 3566 Β
2104 3521 2279 3567 crimen
2310 3519 2359 3566 P
2389 3520 2426 3579 (i
2457 3534 2492 3568 s.
2527 3525 2596 3570 ιι.)
2759 3523 2816 3570 15
2849 3524 2981 3571 tacet
3011 3523 3120 3572 ΒΡ·

1124 3600 1185 3650 16
1217 3599 1360 3646 etiam
1396 3612 1484 3647 om.
1521 3598 1566 3643 R
1695 3600 1750 3646 17
1786 3597 2044 3645 mercedem
2078 3598 2127 3645 P
2259 3598 2535 3660 praesumit]
2571 3599 2782 3660 loquitur
2812 3600 2862 3648 Β
2982 3602 3044 3651 18
3073 3604 3122 3651 in

1117 3678 1313 3728 saeculo
1344 3678 1400 3724 in
1433 3691 1521 3737 my.
1555 3676 1603 3723 Β
1728 3677 1776 3723 in
1809 3676 1984 3724 iudicio
2020 3675 2096 3723 dei
2130 3690 2222 3722 non
2257 3675 2348 3723 erit
2379 3674 2425 3721 Β
2525 3676 2586 3724 20
2618 3678 2935 3726 conscientiae
2966 3678 3121 3729 bonae

1123 3756 1413 3804 contumelia
1444 3754 1493 3801 Β
1617 3756 1672 3803 21
1709 3754 2115 3816 locumpletiorem
2147 3754 2196 3801 P
2229 3757 2290 3810 (ιιι
2319 3768 2395 3814 pr.
2430 3756 2574 3814 eram)
2700 3756 2881 3803 romani
2916 3757 3044 3804 orbis
3072 3759 3123 3807 Β

1119 3834 1253 3883 urbis
1285 3848 1478 3896 romane
1510 3832 1621 3881 DP‘
1780 3834 1840 3881 22
1881 3835 2215 3880 ommutescam
2250 3832 2298 3878 P
2327 3832 2566 3881 obtescam
2600 3832 2649 3880 Β
2681 3831 3001 3881 obmutescam
3036 3841 3118 3884 eet.

1122 3914 1184 3962 23
1217 3911 1506 3974 praeiudicio
1540 3912 1588 3959 Β
1621 3914 1671 3969 (u
1702 3924 1738 3957 ε.
1775 3926 1801 3957 o
1834 3914 1935 3969 m2)
2077 3926 2171 3958 non
2204 3923 2241 3957 8.
2274 3926 2322 3958 u.
2357 3910 2406 3957 Β
2523 3912 2582 3959 25
2614 3916 2759 3974 atque
2790 3912 2901 3960 illos
2935 3912 2995 3961 ab
3027 3913 3117 3962 ins.

1125 3994 1364 4040 reuocaret
1397 3994 1446 4037 et
1476 3990 1632 4037 furore
1667 3993 1716 4036 et
1749 3990 1881 4051 quasi
1915 3989 1962 4035 Β
